<?xml version="1.0" encoding="UTF-8"?>
<!DOCTYPE html PUBLIC "-//W3C//DTD XHTML 1.0 Transitional//EN"
    "http://www.w3.org/TR/xhtml1/DTD/xhtml1-transitional.dtd">
<html xmlns="http://www.w3.org/1999/xhtml" xml:lang="en" lang="en">
 <head>
  <title>
</title>
<meta http-equiv="Content-Type" content="text/html;charset=utf-8" />
  <meta name='ocr-system' content='tesseract 3.04.00' />
  <meta name='ocr-capabilities' content='ocr_page ocr_carea ocr_par ocr_line ocrx_word'/>
</head>
<body>
  <div class='ocr_page' id='page_1' title='image "./admemoriamsolem00kluggoog_0013.png"; bbox 0 0 4180 5622; ppageno 0'>
   <div class='ocr_carea' id='block_1_1' title="bbox 1020 405 1048 486">
    <p class='ocr_par' dir='ltr' id='par_1_1' title="bbox 1020 405 1048 486">
     <span class='ocr_line' id='line_1_1' title="bbox 1020 405 1048 486; baseline 0 0"><span class='ocrx_word' id='word_1_1' title='bbox 1020 405 1048 486; x_wconf 88' lang='lat'><em>8</em></span> 
     </span>
    </p>
   </div>
   <div class='ocr_carea' id='block_1_2' title="bbox 56 621 1922 1532">
    <p class='ocr_par' dir='ltr' id='par_1_2' title="bbox 56 621 1922 1532">
     <span class='ocr_line' id='line_1_2' title="bbox 162 621 1920 725; baseline 0.003 -29"><span class='ocrx_word' id='word_1_2' title='bbox 162 625 287 718; x_wconf 87' lang='lat' dir='ltr'><strong>Quam</strong></span> <span class='ocrx_word' id='word_1_3' title='bbox 314 621 364 696; x_wconf 92' lang='lat' dir='ltr'><strong>ob</strong></span> <span class='ocrx_word' id='word_1_4' title='bbox 391 645 539 698; x_wconf 86' lang='lat' dir='ltr'><strong>causam</strong></span> <span class='ocrx_word' id='word_1_5' title='bbox 567 622 784 722; x_wconf 82' lang='lat' dir='ltr'><strong>evangelica</strong></span> <span class='ocrx_word' id='word_1_6' title='bbox 812 623 975 700; x_wconf 79' lang='lat' dir='ltr'><strong>ecclesia</strong></span> <span class='ocrx_word' id='word_1_7' title='bbox 1000 625 1193 700; x_wconf 75' lang='lat' dir='ltr'><strong>indefesso</strong></span> <span class='ocrx_word' id='word_1_8' title='bbox 1217 623 1343 699; x_wconf 87' lang='lat' dir='ltr'><strong>stadio</strong></span> <span class='ocrx_word' id='word_1_9' title='bbox 1370 647 1413 698; x_wconf 84' lang='lat' dir='ltr'><strong>ac</strong></span> <span class='ocrx_word' id='word_1_10' title='bbox 1436 623 1567 699; x_wconf 84' lang='lat' dir='ltr'><strong>labore</strong></span> <span class='ocrx_word' id='word_1_11' title='bbox 1593 623 1635 696; x_wconf 86' lang='lat' dir='ltr'><strong>id</strong></span> <span class='ocrx_word' id='word_1_12' title='bbox 1660 645 1818 724; x_wconf 83' lang='lat' dir='ltr'><strong>semper.</strong></span> <span class='ocrx_word' id='word_1_13' title='bbox 1834 649 1920 725; x_wconf 88' lang='lat' dir='ltr'><strong>spe-</strong></span> 
     </span>
     <span class='ocr_line' id='line_1_3' title="bbox 162 755 1920 859; baseline -0.001 -25"><span class='ocrx_word' id='word_1_14' title='bbox 162 755 289 843; x_wconf 89' lang='lat' dir='ltr'><strong>ctavit,</strong></span> <span class='ocrx_word' id='word_1_15' title='bbox 318 770 361 830; x_wconf 91' lang='lat' dir='ltr'><strong>ut</strong></span> <span class='ocrx_word' id='word_1_16' title='bbox 387 755 459 832; x_wconf 89' lang='lat' dir='ltr'><strong>viri</strong></span> <span class='ocrx_word' id='word_1_17' title='bbox 486 756 575 830; x_wconf 89' lang='lat' dir='ltr'><strong>satis</strong></span> <span class='ocrx_word' id='word_1_18' title='bbox 610 755 737 834; x_wconf 85' lang='lat' dir='ltr'><strong>idonei</strong></span> <span class='ocrx_word' id='word_1_19' title='bbox 771 784 968 856; x_wconf 84' lang='lat' dir='ltr'><strong>nunquam</strong></span> <span class='ocrx_word' id='word_1_20' title='bbox 995 759 1179 847; x_wconf 77' lang='lat' dir='ltr'><strong>deessent,</strong></span> <span class='ocrx_word' id='word_1_21' title='bbox 1207 759 1273 858; x_wconf 83' lang='lat' dir='ltr'><strong>qui</strong></span> <span class='ocrx_word' id='word_1_22' title='bbox 1300 757 1485 832; x_wconf 84' lang='lat' dir='ltr'><strong>librorum</strong></span> <span class='ocrx_word' id='word_1_23' title='bbox 1513 781 1705 832; x_wconf 87' lang='lat' dir='ltr'><strong>sacrorum</strong></span> <span class='ocrx_word' id='word_1_24' title='bbox 1732 758 1920 859; x_wconf 61' lang='lat' dir='ltr'><strong>intepre-</strong></span> 
     </span>
     <span class='ocr_line' id='line_1_4' title="bbox 163 889 1920 994; baseline 0 -28"><span class='ocrx_word' id='word_1_25' title='bbox 163 890 305 966; x_wconf 81' lang='lat' dir='ltr'><strong>tationi.</strong></span> <span class='ocrx_word' id='word_1_26' title='bbox 328 889 501 966; x_wconf 84' lang='lat' dir='ltr'><strong>sedulam</strong></span> <span class='ocrx_word' id='word_1_27' title='bbox 523 904 701 966; x_wconf 84' lang='lat' dir='ltr'><strong>navarent</strong></span> <span class='ocrx_word' id='word_1_28' title='bbox 727 916 898 992; x_wconf 83' lang='lat' dir='ltr'><strong>operam,</strong></span> <span class='ocrx_word' id='word_1_29' title='bbox 920 893 966 970; x_wconf 89' lang='lat' dir='ltr'><strong>ad</strong></span> <span class='ocrx_word' id='word_1_30' title='bbox 999 919 1092 994; x_wconf 87' lang='lat' dir='ltr'><strong>quos</strong></span> <span class='ocrx_word' id='word_1_31' title='bbox 1128 891 1306 969; x_wconf 84' lang='lat' dir='ltr'><strong>subtilior</strong></span> <span class='ocrx_word' id='word_1_32' title='bbox 1338 890 1540 966; x_wconf 70' lang='lat' dir='ltr'><strong>doctrinae:</strong></span> <span class='ocrx_word' id='word_1_33' title='bbox 1564 890 1667 966; x_wconf 87' lang='lat' dir='ltr'><strong>ratio.</strong></span> <span class='ocrx_word' id='word_1_34' title='bbox 1694 891 1920 992; x_wconf 70' lang='lat' dir='ltr'><strong>dirigeretur</strong></span> 
     </span>
     <span class='ocr_line' id='line_1_5' title="bbox 56 996 1921 1104; baseline -0.001 0"><span class='ocrx_word' id='word_1_35' title='bbox 56 996 65 1017; x_wconf 50' lang='lat'><strong><em>⁵</em></strong></span> <span class='ocrx_word' id='word_1_36' title='bbox 166 1040 207 1104; x_wconf 85' lang='lat' dir='ltr'><strong>et</strong></span> <span class='ocrx_word' id='word_1_37' title='bbox 230 1024 390 1098; x_wconf 82' lang='lat' dir='ltr'><strong>facultas</strong></span> <span class='ocrx_word' id='word_1_38' title='bbox 417 1025 539 1102; x_wconf 89' lang='lat' dir='ltr'><strong>libere</strong></span> <span class='ocrx_word' id='word_1_39' title='bbox 562 1023 774 1100; x_wconf 79' lang='lat' dir='ltr'><strong>meditandi.</strong></span> <span class='ocrx_word' id='word_1_40' title='bbox 796 1027 1045 1104; x_wconf 72' lang='lat' dir='ltr'><strong>excoleretur.</strong></span> <span class='ocrx_word' id='word_1_41' title='bbox 1099 1030 1157 1102; x_wconf 83' lang='lat' dir='ltr'><strong>Ut¹</strong></span> <span class='ocrx_word' id='word_1_42' title='bbox 1183 1025 1286 1101; x_wconf 86' lang='lat' dir='ltr'><strong>enim</strong></span> <span class='ocrx_word' id='word_1_43' title='bbox 1315 1026 1358 1101; x_wconf 89' lang='lat' dir='ltr'><strong>in</strong></span> <span class='ocrx_word' id='word_1_44' title='bbox 1390 1031 1532 1101; x_wconf 87' lang='lat' dir='ltr'><strong>rerum</strong></span> <span class='ocrx_word' id='word_1_45' title='bbox 1549 1026 1817 1102; x_wconf 79' lang='lat' dir='ltr'><strong>naturannlla&#39;</strong></span> <span class='ocrx_word' id='word_1_46' title='bbox 1838 1025 1921 1102; x_wconf 81' lang='lat' dir='ltr'><strong>effi-</strong></span> 
     </span>
     <span class='ocr_line' id='line_1_6' title="bbox 166 1151 1920 1261; baseline -0.002 -25"><span class='ocrx_word' id='word_1_47' title='bbox 166 1159 314 1236; x_wconf 89' lang='lat' dir='ltr'><strong>cacium</strong></span> <span class='ocrx_word' id='word_1_48' title='bbox 339 1158 478 1236; x_wconf 88' lang='lat' dir='ltr'><strong>virium</strong></span> <span class='ocrx_word' id='word_1_49' title='bbox 503 1158 693 1260; x_wconf 90' lang='lat' dir='ltr'><strong>reperitur</strong></span> <span class='ocrx_word' id='word_1_50' title='bbox 719 1159 892 1250; x_wconf 89' lang='lat' dir='ltr'><strong>cessatio,</strong></span> <span class='ocrx_word' id='word_1_51' title='bbox 911 1160 1010 1261; x_wconf 87' lang='lat' dir='ltr'><strong>quin&#39;</strong></span> <span class='ocrx_word' id='word_1_52' title='bbox 1025 1160 1291 1236; x_wconf 77' lang='lat' dir='ltr'><strong>demiraretur</strong></span> <span class='ocrx_word' id='word_1_53' title='bbox 1316 1173 1438 1261; x_wconf 67' lang='lat' dir='ltr'><strong>atque,</strong></span> <span class='ocrx_word' id='word_1_54' title='bbox 1456 1151 1500 1235; x_wconf 84' lang='lat' dir='ltr'><strong>in</strong></span> <span class='ocrx_word' id='word_1_55' title='bbox 1522 1157 1752 1236; x_wconf 82' lang='lat' dir='ltr'><strong>deteriorem</strong></span> <span class='ocrx_word' id='word_1_56' title='bbox 1775 1173 1920 1260; x_wconf 88' lang='lat' dir='ltr'><strong>partem</strong></span> 
     </span>
     <span class='ocr_line' id='line_1_7' title="bbox 166 1292 1922 1397; baseline -0.002 -27"><span class='ocrx_word' id='word_1_57' title='bbox 166 1292 372 1382; x_wconf 83' lang='lat' dir='ltr'><strong>declinent,</strong></span> <span class='ocrx_word' id='word_1_58' title='bbox 398 1295 451 1368; x_wconf 87' lang='lat' dir='ltr'><strong>ita</strong></span> <span class='ocrx_word' id='word_1_59' title='bbox 477 1293 518 1372; x_wconf 89' lang='lat' dir='ltr'><strong>in</strong></span> <span class='ocrx_word' id='word_1_60' title='bbox 549 1292 763 1372; x_wconf 86' lang='lat' dir='ltr'><strong>divinarum</strong></span> <span class='ocrx_word' id='word_1_61' title='bbox 795 1319 950 1395; x_wconf 88' lang='lat' dir='ltr'><strong>quoque.</strong></span> <span class='ocrx_word' id='word_1_62' title='bbox 979 1321 1106 1370; x_wconf 89' lang='lat' dir='ltr'><strong>rerum</strong></span> <span class='ocrx_word' id='word_1_63' title='bbox 1137 1295 1387 1397; x_wconf 76' lang='lat' dir='ltr'>occupatione</span> <span class='ocrx_word' id='word_1_64' title='bbox 1422 1294 1577 1396; x_wconf 77' lang='lat' dir='ltr'><strong>quaevis</strong></span> <span class='ocrx_word' id='word_1_65' title='bbox 1610 1293 1806 1368; x_wconf 84' lang='lat' dir='ltr'><strong>institutae</strong></span> <span class='ocrx_word' id='word_1_66' title='bbox 1833 1317 1922 1368; x_wconf 92' lang='lat' dir='ltr'><strong>con·</strong></span> 
     </span>
     <span class='ocr_line' id='line_1_8' title="bbox 166 1426 1793 1532; baseline 0 -30"><span class='ocrx_word' id='word_1_67' title='bbox 166 1426 427 1528; x_wconf 89' lang='lat' dir='ltr'><strong>templationis</strong></span> <span class='ocrx_word' id='word_1_68' title='bbox 454 1427 683 1504; x_wconf 79' lang='lat' dir='ltr'><strong>intermissio</strong></span> <span class='ocrx_word' id='word_1_69' title='bbox 710 1427 897 1530; x_wconf 87' lang='lat' dir='ltr'><strong>ignaviam</strong></span> <span class='ocrx_word' id='word_1_70' title='bbox 923 1429 1023 1532; x_wconf 88' lang='lat' dir='ltr'><strong>parit</strong></span> <span class='ocrx_word' id='word_1_71' title='bbox 1050 1444 1089 1505; x_wconf 85' lang='lat' dir='ltr'><strong>et</strong></span> <span class='ocrx_word' id='word_1_72' title='bbox 1114 1430 1265 1530; x_wconf 83' lang='lat' dir='ltr'><strong>ingenia</strong></span> <span class='ocrx_word' id='word_1_73' title='bbox 1291 1428 1481 1531; x_wconf 83' lang='lat' dir='ltr'><strong>deprimit.</strong></span> <span class='ocrx_word' id='word_1_74' title='bbox 1790 1429 1793 1436; x_wconf 82' lang='grc'><strong>’</strong></span> 
     </span>
    </p>
   </div>
   <div class='ocr_carea' id='block_1_3' title="bbox 171 1697 1929 2879">
    <p class='ocr_par' dir='ltr' id='par_1_3' title="bbox 171 1697 1929 2879">
     <span class='ocr_line' id='line_1_9' title="bbox 317 1697 1923 1808; baseline -0.003 -27"><span class='ocrx_word' id='word_1_75' title='bbox 317 1703 401 1781; x_wconf 93' lang='lat' dir='ltr'><strong>Tali</strong></span> <span class='ocrx_word' id='word_1_76' title='bbox 442 1719 567 1780; x_wconf 88' lang='lat' dir='ltr'><strong>autem</strong></span> <span class='ocrx_word' id='word_1_77' title='bbox 606 1705 720 1780; x_wconf 87' lang='lat' dir='ltr'><strong>animi</strong></span> <span class='ocrx_word' id='word_1_78' title='bbox 760 1706 869 1808; x_wconf 89' lang='lat' dir='ltr'><strong>quasi</strong></span> <span class='ocrx_word' id='word_1_79' title='bbox 906 1705 1053 1808; x_wconf 82' lang='lat' dir='ltr'><strong>torpori</strong></span> <span class='ocrx_word' id='word_1_80' title='bbox 1088 1722 1127 1782; x_wconf 90' lang='lat' dir='ltr'><strong>et</strong></span> <span class='ocrx_word' id='word_1_81' title='bbox 1160 1707 1354 1782; x_wconf 88' lang='lat' dir='ltr'><strong>socordiae</strong></span> <span class='ocrx_word' id='word_1_82' title='bbox 1386 1701 1548 1782; x_wconf 81' lang='lat' dir='ltr'><strong>ecclesia</strong></span> <span class='ocrx_word' id='word_1_83' title='bbox 1583 1697 1923 1778; x_wconf 81' lang='lat' dir='ltr'><strong>nostra-adversari</strong></span> 
     </span>
     <span class='ocr_line' id='line_1_10' title="bbox 172 1837 1925 1941; baseline -0.003 -24"><span class='ocrx_word' id='word_1_84' title='bbox 172 1837 300 1917; x_wconf 80' lang='lat' dir='ltr'><strong>studet</strong></span> <span class='ocrx_word' id='word_1_85' title='bbox 333 1853 373 1913; x_wconf 87' lang='lat' dir='ltr'><strong>et</strong></span> <span class='ocrx_word' id='word_1_86' title='bbox 411 1853 592 1939; x_wconf 79' lang='lat' dir='ltr'><strong>quantum</strong></span> <span class='ocrx_word' id='word_1_87' title='bbox 630 1839 714 1914; x_wconf 82' lang='lat' dir='ltr'><strong>fieri</strong></span> <span class='ocrx_word' id='word_1_88' title='bbox 746 1840 877 1941; x_wconf 88' lang='lat' dir='ltr'><strong>possit,</strong></span> <span class='ocrx_word' id='word_1_89' title='bbox 910 1840 1105 1940; x_wconf 87' lang='lat' dir='ltr'><strong>impedire,</strong></span> <span class='ocrx_word' id='word_1_90' title='bbox 1139 1869 1187 1917; x_wconf 91' lang='lat' dir='ltr'><strong>ne</strong></span> <span class='ocrx_word' id='word_1_91' title='bbox 1219 1840 1313 1916; x_wconf 87' lang='lat' dir='ltr'><strong>sacri</strong></span> <span class='ocrx_word' id='word_1_92' title='bbox 1347 1839 1489 1916; x_wconf 88' lang='lat' dir='ltr'><strong>codicis</strong></span> <span class='ocrx_word' id='word_1_93' title='bbox 1522 1837 1729 1938; x_wconf 79' lang='lat' dir='ltr'><strong>explicatio</strong></span> <span class='ocrx_word' id='word_1_94' title='bbox 1755 1844 1925 1939; x_wconf 84' lang='lat' dir='ltr'><strong>&#39;unquam</strong></span> 
     </span>
     <span class='ocr_line' id='line_1_11' title="bbox 171 1965 1921 2076; baseline -0.001 -30"><span class='ocrx_word' id='word_1_95' title='bbox 171 1973 448 2074; x_wconf 78' lang='lat' dir='ltr'><strong>interpelletur,</strong></span> <span class='ocrx_word' id='word_1_96' title='bbox 488 1999 586 2050; x_wconf 70' lang='lat' dir='ltr'><strong>neve,</strong></span> <span class='ocrx_word' id='word_1_97' title='bbox 623 1973 676 2047; x_wconf 81' lang='lat' dir='ltr'><strong>ab¹</strong></span> <span class='ocrx_word' id='word_1_98' title='bbox 709 1974 867 2048; x_wconf 88' lang='lat' dir='ltr'><strong>infirmis</strong></span> <span class='ocrx_word' id='word_1_99' title='bbox 906 1974 1067 2076; x_wconf 89' lang='lat' dir='ltr'><strong>ingeniis</strong></span> <span class='ocrx_word' id='word_1_100' title='bbox 1099 1971 1292 2062; x_wconf 81' lang='lat' dir='ltr'><strong>tractetur,</strong></span> <span class='ocrx_word' id='word_1_101' title='bbox 1327 1973 1389 2050; x_wconf 82' lang='lat' dir='ltr'><strong>rel</strong></span> <span class='ocrx_word' id='word_1_102' title='bbox 1422 1972 1469 2046; x_wconf 91' lang='lat' dir='ltr'><strong>ab</strong></span> <span class='ocrx_word' id='word_1_103' title='bbox 1501 1971 1640 2048; x_wconf 86' lang='lat' dir='ltr'><strong>insanis</strong></span> <span class='ocrx_word' id='word_1_104' title='bbox 1673 1965 1921 2072; x_wconf 81' lang='lat' dir='ltr'><strong>pervertatur.</strong></span> 
     </span>
     <span class='ocr_line' id='line_1_12' title="bbox 172 2095 1924 2207; baseline -0.002 -25"><span class='ocrx_word' id='word_1_105' title='bbox 172 2109 255 2182; x_wconf 87' lang='lat' dir='ltr'><strong>Hoc</strong></span> <span class='ocrx_word' id='word_1_106' title='bbox 281 2107 385 2184; x_wconf 85' lang='lat' dir='ltr'><strong>enim</strong></span> <span class='ocrx_word' id='word_1_107' title='bbox 408 2107 570 2186; x_wconf 88' lang='lat' dir='ltr'><strong>consilio</strong></span> <span class='ocrx_word' id='word_1_108' title='bbox 596 2107 637 2181; x_wconf 90' lang='lat' dir='ltr'><strong>in</strong></span> <span class='ocrx_word' id='word_1_109' title='bbox 655 2106 853 2184; x_wconf 84' lang='lat' dir='ltr'><strong>bominum</strong></span> <span class='ocrx_word' id='word_1_110' title='bbox 873 2109 1006 2184; x_wconf 87' lang='lat' dir='ltr'><strong>animis</strong></span> <span class='ocrx_word' id='word_1_111' title='bbox 1025 2135 1161 2185; x_wconf 86' lang='lat' dir='ltr'><strong>reeens·</strong></span> <span class='ocrx_word' id='word_1_112' title='bbox 1178 2133 1365 2184; x_wconf 85' lang='lat' dir='ltr'><strong>sacrarum</strong></span> <span class='ocrx_word' id='word_1_113' title='bbox 1384 2133 1508 2192; x_wconf 86' lang='lat' dir='ltr'><strong>rerum</strong></span> <span class='ocrx_word' id='word_1_114' title='bbox 1530 2095 1725 2207; x_wconf 76' lang='lat' dir='ltr'><strong>persuasio</strong></span> <span class='ocrx_word' id='word_1_115' title='bbox 1746 2119 1924 2194; x_wconf 66' lang='lat' dir='ltr'><strong>senatur,</strong></span> 
     </span>
     <span class='ocr_line' id='line_1_13' title="bbox 175 2240 1926 2345; baseline -0.004 -25"><span class='ocrx_word' id='word_1_116' title='bbox 175 2256 215 2321; x_wconf 86' lang='lat' dir='ltr'><strong>et</strong></span> <span class='ocrx_word' id='word_1_117' title='bbox 240 2267 318 2316; x_wconf 85' lang='lat' dir='ltr'><strong>non</strong></span> <span class='ocrx_word' id='word_1_118' title='bbox 343 2242 473 2319; x_wconf 88' lang='lat' dir='ltr'><strong>solum.</strong></span> <span class='ocrx_word' id='word_1_119' title='bbox 499 2255 646 2318; x_wconf 81' lang='lat' dir='ltr'><strong>mentes</strong></span> <span class='ocrx_word' id='word_1_120' title='bbox 676 2241 802 2317; x_wconf 88' lang='lat' dir='ltr'><strong>divina</strong></span> <span class='ocrx_word' id='word_1_121' title='bbox 834 2243 1057 2319; x_wconf 84' lang='lat' dir='ltr'><strong>redemtoris</strong></span> <span class='ocrx_word' id='word_1_122' title='bbox 1088 2244 1259 2320; x_wconf 85' lang='lat' dir='ltr'><strong>doctrina</strong></span> <span class='ocrx_word' id='word_1_123' title='bbox 1291 2256 1480 2345; x_wconf 88' lang='lat' dir='ltr'><strong>perpetuo</strong></span> <span class='ocrx_word' id='word_1_124' title='bbox 1514 2240 1762 2328; x_wconf 85' lang='lat' dir='ltr'><strong>illustrantur,</strong></span> <span class='ocrx_word' id='word_1_125' title='bbox 1795 2265 1926 2315; x_wconf 88' lang='lat' dir='ltr'><strong>verum</strong></span> 
     </span>
     <span class='ocr_line' id='line_1_14' title="bbox 174 2373 1927 2479; baseline -0.003 -25"><span class='ocrx_word' id='word_1_126' title='bbox 174 2376 288 2454; x_wconf 83' lang='lat' dir='ltr'><strong>etiam</strong></span> <span class='ocrx_word' id='word_1_127' title='bbox 314 2376 398 2478; x_wconf 91' lang='lat' dir='ltr'><strong>ipse</strong></span> <span class='ocrx_word' id='word_1_128' title='bbox 424 2375 598 2452; x_wconf 84' lang='lat' dir='ltr'><strong>Christus</strong></span> <span class='ocrx_word' id='word_1_129' title='bbox 630 2391 761 2450; x_wconf 88' lang='lat' dir='ltr'><strong>nostra</strong></span> <span class='ocrx_word' id='word_1_130' title='bbox 790 2392 945 2479; x_wconf 86' lang='lat' dir='ltr'><strong>pectora</strong></span> <span class='ocrx_word' id='word_1_131' title='bbox 977 2393 1148 2477; x_wconf 89' lang='lat' dir='ltr'><strong>occupat,</strong></span> <span class='ocrx_word' id='word_1_132' title='bbox 1180 2379 1221 2454; x_wconf 90' lang='lat' dir='ltr'><strong>in</strong></span> <span class='ocrx_word' id='word_1_133' title='bbox 1254 2378 1363 2453; x_wconf 89' lang='lat' dir='ltr'><strong>nobis</strong></span> <span class='ocrx_word' id='word_1_134' title='bbox 1402 2373 1596 2452; x_wconf 84' lang='lat' dir='ltr'><strong>reviviscit</strong></span> <span class='ocrx_word' id='word_1_135' title='bbox 1627 2389 1667 2449; x_wconf 88' lang='lat' dir='ltr'><strong>et</strong></span> <span class='ocrx_word' id='word_1_136' title='bbox 1699 2373 1927 2474; x_wconf 76' lang='lat' dir='ltr'><strong>singularem</strong></span> 
     </span>
     <span class='ocr_line' id='line_1_15' title="bbox 175 2507 1926 2614; baseline -0.003 -28"><span class='ocrx_word' id='word_1_137' title='bbox 175 2511 281 2612; x_wconf 86' lang='lat' dir='ltr'><strong>quasi</strong></span> <span class='ocrx_word' id='word_1_138' title='bbox 313 2510 473 2588; x_wconf 88' lang='lat' dir='ltr'><strong>formam</strong></span> <span class='ocrx_word' id='word_1_139' title='bbox 510 2509 651 2600; x_wconf 87' lang='lat' dir='ltr'><strong>induit,</strong></span> <span class='ocrx_word' id='word_1_140' title='bbox 679 2527 746 2600; x_wconf 86' lang='lat' dir='ltr'><strong>ut,</strong></span> <span class='ocrx_word' id='word_1_141' title='bbox 774 2536 1000 2614; x_wconf 88' lang='lat' dir='ltr'><strong>quamquam</strong></span> <span class='ocrx_word' id='word_1_142' title='bbox 1031 2511 1155 2586; x_wconf 90' lang='lat' dir='ltr'><strong>oculis</strong></span> <span class='ocrx_word' id='word_1_143' title='bbox 1186 2512 1324 2588; x_wconf 86' lang='lat' dir='ltr'><strong>nostris</strong></span> <span class='ocrx_word' id='word_1_144' title='bbox 1358 2533 1434 2585; x_wconf 89' lang='lat' dir='ltr'><strong>non</strong></span> <span class='ocrx_word' id='word_1_145' title='bbox 1466 2509 1705 2610; x_wconf 87' lang='lat' dir='ltr'><strong>spectandus,</strong></span> <span class='ocrx_word' id='word_1_146' title='bbox 1736 2507 1926 2608; x_wconf 77' lang='lat' dir='ltr'><strong>praesenti</strong></span> 
     </span>
     <span class='ocr_line' id='line_1_16' title="bbox 174 2642 1929 2744; baseline -0.001 -25"><span class='ocrx_word' id='word_1_147' title='bbox 174 2660 302 2719; x_wconf 89' lang='lat' dir='ltr'><strong>tamen</strong></span> <span class='ocrx_word' id='word_1_148' title='bbox 334 2645 487 2719; x_wconf 89' lang='lat' dir='ltr'><strong>numine</strong></span> <span class='ocrx_word' id='word_1_149' title='bbox 520 2644 560 2719; x_wconf 91' lang='lat' dir='ltr'><strong>in</strong></span> <span class='ocrx_word' id='word_1_150' title='bbox 599 2644 736 2718; x_wconf 92' lang='lat' dir='ltr'><strong>nostris</strong></span> <span class='ocrx_word' id='word_1_151' title='bbox 777 2645 909 2719; x_wconf 89' lang='lat' dir='ltr'><strong>animis</strong></span> <span class='ocrx_word' id='word_1_152' title='bbox 949 2646 1153 2721; x_wconf 89' lang='lat' dir='ltr'><strong>coelestem</strong></span> <span class='ocrx_word' id='word_1_153' title='bbox 1192 2645 1473 2721; x_wconf 86' lang='lat' dir='ltr'><strong>institutionem</strong></span> <span class='ocrx_word' id='word_1_154' title='bbox 1509 2643 1706 2726; x_wconf 85' lang='lat' dir='ltr'><strong>continuet</strong></span> <span class='ocrx_word' id='word_1_155' title='bbox 1736 2642 1929 2744; x_wconf 86' lang='lat' dir='ltr'><strong>vitamque</strong></span> 
     </span>
     <span class='ocr_line' id='line_1_17' title="bbox 177 2777 599 2879; baseline -0.002 -25"><span class='ocrx_word' id='word_1_156' title='bbox 177 2777 430 2879; x_wconf 81' lang='lat' dir='ltr'><strong>augustiorem</strong></span> <span class='ocrx_word' id='word_1_157' title='bbox 455 2778 599 2854; x_wconf 89' lang='lat' dir='ltr'><strong>reddat.</strong></span> 
     </span>
    </p>
   </div>
   <div class='ocr_carea' id='block_1_4' title="bbox 180 3051 1941 4773">
    <p class='ocr_par' dir='ltr' id='par_1_4' title="bbox 180 3051 1941 4637">
     <span class='ocr_line' id='line_1_18' title="bbox 324 3051 1931 3158; baseline -0.001 -26"><span class='ocrx_word' id='word_1_158' title='bbox 324 3057 430 3136; x_wconf 87' lang='lat' dir='ltr'><strong>Hauc</strong></span> <span class='ocrx_word' id='word_1_159' title='bbox 455 3080 546 3134; x_wconf 85' lang='lat' dir='ltr'><strong>vero</strong></span> <span class='ocrx_word' id='word_1_160' title='bbox 571 3057 681 3145; x_wconf 89' lang='lat' dir='ltr'><strong>viam,</strong></span> <span class='ocrx_word' id='word_1_161' title='bbox 716 3055 868 3132; x_wconf 89' lang='lat' dir='ltr'><strong>arduam</strong></span> <span class='ocrx_word' id='word_1_162' title='bbox 899 3056 1053 3158; x_wconf 86' lang='lat' dir='ltr'><strong>quidem</strong></span> <span class='ocrx_word' id='word_1_163' title='bbox 1085 3057 1335 3158; x_wconf 80' lang='lat' dir='ltr'><strong>laborumque</strong></span> <span class='ocrx_word' id='word_1_164' title='bbox 1365 3055 1527 3157; x_wconf 85' lang='lat' dir='ltr'><strong>plenam,</strong></span> <span class='ocrx_word' id='word_1_165' title='bbox 1558 3054 1628 3130; x_wconf 87' lang='lat' dir='ltr'><strong>sed</strong></span> <span class='ocrx_word' id='word_1_166' title='bbox 1665 3051 1865 3128; x_wconf 84' lang='lat' dir='ltr'><strong>sublimem</strong></span> <span class='ocrx_word' id='word_1_167' title='bbox 1891 3070 1931 3130; x_wconf 85' lang='lat' dir='ltr'><strong>et</strong></span> 
     </span>
     <span class='ocr_line' id='line_1_19' title="bbox 182 3189 1931 3292; baseline -0.004 -22"><span class='ocrx_word' id='word_1_168' title='bbox 182 3189 383 3280; x_wconf 78' lang='lat' dir='ltr'><strong>excelsam,</strong></span> <span class='ocrx_word' id='word_1_169' title='bbox 406 3191 551 3292; x_wconf 80' lang='lat' dir='ltr'><strong>ingredi</strong></span> <span class='ocrx_word' id='word_1_170' title='bbox 578 3216 655 3266; x_wconf 87' lang='lat' dir='ltr'><strong>non</strong></span> <span class='ocrx_word' id='word_1_171' title='bbox 681 3215 792 3266; x_wconf 84' lang='lat' dir='ltr'><strong>ausus</strong></span> <span class='ocrx_word' id='word_1_172' title='bbox 819 3206 877 3266; x_wconf 89' lang='lat' dir='ltr'><strong>est</strong></span> <span class='ocrx_word' id='word_1_173' title='bbox 902 3192 1089 3282; x_wconf 87' lang='lat' dir='ltr'><strong>Erasmus,</strong></span> <span class='ocrx_word' id='word_1_174' title='bbox 1125 3191 1205 3268; x_wconf 90' lang='lat' dir='ltr'><strong>sive</strong></span> <span class='ocrx_word' id='word_1_175' title='bbox 1235 3191 1350 3266; x_wconf 85' lang='lat' dir='ltr'><strong>insito</strong></span> <span class='ocrx_word' id='word_1_176' title='bbox 1384 3189 1547 3291; x_wconf 87' lang='lat' dir='ltr'><strong>quodam</strong></span> <span class='ocrx_word' id='word_1_177' title='bbox 1579 3203 1683 3264; x_wconf 86' lang='lat' dir='ltr'><strong>metu</strong></span> <span class='ocrx_word' id='word_1_178' title='bbox 1714 3189 1931 3277; x_wconf 87' lang='lat' dir='ltr'><strong>deterritus,-</strong></span> 
     </span>
     <span class='ocr_line' id='line_1_20' title="bbox 183 3322 1932 3427; baseline -0.002 -25"><span class='ocrx_word' id='word_1_179' title='bbox 183 3325 262 3404; x_wconf 84' lang='lat' dir='ltr'><strong>sive</strong></span> <span class='ocrx_word' id='word_1_180' title='bbox 296 3325 398 3426; x_wconf 83' lang='lat' dir='ltr'><strong>quod</strong></span> <span class='ocrx_word' id='word_1_181' title='bbox 429 3325 660 3426; x_wconf 75' lang='lat' dir='ltr'><strong>desperabat,</strong></span> <span class='ocrx_word' id='word_1_182' title='bbox 689 3322 966 3407; x_wconf 70' lang='lat' dir='ltr'><strong>schannato</strong></span> <span class='ocrx_word' id='word_1_183' title='bbox 993 3327 1221 3427; x_wconf 82' lang='lat' dir='ltr'><strong>religionem</strong></span> <span class='ocrx_word' id='word_1_184' title='bbox 1251 3325 1299 3400; x_wconf 90' lang='lat' dir='ltr'><strong>ad</strong></span> <span class='ocrx_word' id='word_1_185' title='bbox 1329 3326 1526 3402; x_wconf 78' lang='lat' dir='ltr'><strong>meliorem</strong></span> <span class='ocrx_word' id='word_1_186' title='bbox 1558 3324 1814 3400; x_wconf 81' lang='lat' dir='ltr'><strong>corrditionem</strong></span> <span class='ocrx_word' id='word_1_187' title='bbox 1847 3349 1932 3398; x_wconf 88' lang='lat' dir='ltr'><strong>esse</strong></span> 
     </span>
     <span class='ocr_line' id='line_1_21' title="bbox 181 3457 1932 3560; baseline -0.002 -26"><span class='ocrx_word' id='word_1_188' title='bbox 181 3460 439 3540; x_wconf 80' lang='lat' dir='ltr'><strong>adducturum.</strong></span> <span class='ocrx_word' id='word_1_189' title='bbox 495 3462 609 3555; x_wconf 82' lang='lat' dir='ltr'><strong>Quae</strong></span> <span class='ocrx_word' id='word_1_190' title='bbox 629 3486 745 3560; x_wconf 64' lang='lat' dir='ltr'><strong>qnam</strong></span> <span class='ocrx_word' id='word_1_191' title='bbox 778 3460 830 3534; x_wconf 84' lang='lat' dir='ltr'><strong>ita</strong></span> <span class='ocrx_word' id='word_1_192' title='bbox 863 3461 951 3547; x_wconf 84' lang='lat' dir='ltr'><strong>sint,</strong></span> <span class='ocrx_word' id='word_1_193' title='bbox 985 3461 1096 3560; x_wconf 86' lang='lat' dir='ltr'><strong>aequi</strong></span> <span class='ocrx_word' id='word_1_194' title='bbox 1129 3459 1375 3539; x_wconf 89' lang='lat' dir='ltr'><strong>humanarum</strong></span> <span class='ocrx_word' id='word_1_195' title='bbox 1407 3462 1532 3536; x_wconf 84' lang='lat' dir='ltr'><strong>rerum</strong></span> <span class='ocrx_word' id='word_1_196' title='bbox 1567 3459 1713 3533; x_wconf 88' lang='lat' dir='ltr'><strong>iudices</strong></span> <span class='ocrx_word' id='word_1_197' title='bbox 1742 3457 1932 3532; x_wconf 83' lang='lat' dir='ltr'><strong>fateantur</strong></span> 
     </span>
     <span class='ocr_line' id='line_1_22' title="bbox 180 3591 1930 3695; baseline -0.002 -27"><span class='ocrx_word' id='word_1_198' title='bbox 180 3619 338 3672; x_wconf 87' lang='lat' dir='ltr'><strong>necesse.</strong></span> <span class='ocrx_word' id='word_1_199' title='bbox 366 3609 439 3683; x_wconf 89' lang='lat' dir='ltr'><strong>est,</strong></span> <span class='ocrx_word' id='word_1_200' title='bbox 473 3595 680 3683; x_wconf 82' lang='lat' dir='ltr'><strong>Erasmum,</strong></span> <span class='ocrx_word' id='word_1_201' title='bbox 718 3593 790 3670; x_wconf 91' lang='lat' dir='ltr'><strong>etsi</strong></span> <span class='ocrx_word' id='word_1_202' title='bbox 831 3594 956 3671; x_wconf 84' lang='lat' dir='ltr'><strong>neutri</strong></span> <span class='ocrx_word' id='word_1_203' title='bbox 997 3595 1186 3671; x_wconf 87' lang='lat' dir='ltr'><strong>ecelesiae</strong></span> <span class='ocrx_word' id='word_1_204' title='bbox 1227 3596 1268 3670; x_wconf 92' lang='lat' dir='ltr'><strong>in</strong></span> <span class='ocrx_word' id='word_1_205' title='bbox 1313 3596 1398 3695; x_wconf 89' lang='lat' dir='ltr'><strong>ipso</strong></span> <span class='ocrx_word' id='word_1_206' title='bbox 1442 3591 1702 3680; x_wconf 76' lang='lat' dir='ltr'><strong>dimicantium</strong></span> <span class='ocrx_word' id='word_1_207' title='bbox 1745 3615 1930 3665; x_wconf 88' lang='lat' dir='ltr'><strong>concursu</strong></span> 
     </span>
     <span class='ocr_line' id='line_1_23' title="bbox 181 3725 1933 3829; baseline -0.003 -27"><span class='ocrx_word' id='word_1_208' title='bbox 181 3729 345 3804; x_wconf 87' lang='lat' dir='ltr'><strong>multum</strong></span> <span class='ocrx_word' id='word_1_209' title='bbox 371 3728 558 3806; x_wconf 79' lang='lat' dir='ltr'><strong>commodi</strong></span> <span class='ocrx_word' id='word_1_210' title='bbox 586 3743 658 3806; x_wconf 79' lang='lat' dir='ltr'><strong>aut,</strong></span> <span class='ocrx_word' id='word_1_211' title='bbox 677 3727 909 3804; x_wconf 82' lang='lat' dir='ltr'><strong>incommodi</strong></span> <span class='ocrx_word' id='word_1_212' title='bbox 935 3729 1116 3820; x_wconf 86' lang='lat' dir='ltr'><strong>attulerit,</strong></span> <span class='ocrx_word' id='word_1_213' title='bbox 1144 3729 1218 3804; x_wconf 88' lang='lat' dir='ltr'><strong>hoc</strong></span> <span class='ocrx_word' id='word_1_214' title='bbox 1244 3744 1370 3804; x_wconf 86' lang='lat' dir='ltr'><strong>tamen</strong></span> <span class='ocrx_word' id='word_1_215' title='bbox 1395 3727 1480 3828; x_wconf 88' lang='lat' dir='ltr'><strong>ipso</strong></span> <span class='ocrx_word' id='word_1_216' title='bbox 1499 3727 1638 3829; x_wconf 83' lang='lat' dir='ltr'><strong>agendi·</strong></span> <span class='ocrx_word' id='word_1_217' title='bbox 1656 3725 1791 3814; x_wconf 86' lang='lat' dir='ltr'><strong>studio,</strong></span> <span class='ocrx_word' id='word_1_218' title='bbox 1813 3749 1933 3826; x_wconf 89' lang='lat' dir='ltr'><strong>quan-</strong></span> 
     </span>
     <span class='ocr_line' id='line_1_24' title="bbox 180 3860 1933 3962; baseline -0.002 -24"><span class='ocrx_word' id='word_1_219' title='bbox 180 3863 319 3939; x_wconf 89' lang='lat' dir='ltr'><strong>tumvis</strong></span> <span class='ocrx_word' id='word_1_220' title='bbox 346 3862 492 3940; x_wconf 87' lang='lat' dir='ltr'><strong>diversa</strong></span> <span class='ocrx_word' id='word_1_221' title='bbox 518 3862 665 3940; x_wconf 84' lang='lat' dir='ltr'><strong>ratione</strong></span> <span class='ocrx_word' id='word_1_222' title='bbox 691 3877 730 3938; x_wconf 91' lang='lat' dir='ltr'><strong>et</strong></span> <span class='ocrx_word' id='word_1_223' title='bbox 755 3863 910 3938; x_wconf 88' lang='lat' dir='ltr'><strong>diverso.</strong></span> <span class='ocrx_word' id='word_1_224' title='bbox 932 3865 1105 3953; x_wconf 72' lang='lat' dir='ltr'><strong>consilio,</strong></span> <span class='ocrx_word' id='word_1_225' title='bbox 1134 3865 1361 3940; x_wconf 85' lang='lat' dir='ltr'><strong>christianae</strong></span> <span class='ocrx_word' id='word_1_226' title='bbox 1387 3863 1581 3938; x_wconf 86' lang='lat' dir='ltr'><strong>doctrinae</strong></span> <span class='ocrx_word' id='word_1_227' title='bbox 1613 3860 1762 3962; x_wconf 88' lang='lat' dir='ltr'><strong>egregie</strong></span> <span class='ocrx_word' id='word_1_228' title='bbox 1796 3883 1933 3936; x_wconf 90' lang='lat' dir='ltr'><strong>consu-</strong></span> 
     </span>
     <span class='ocr_line' id='line_1_25' title="bbox 181 3994 1933 4102; baseline -0.002 -32"><span class='ocrx_word' id='word_1_229' title='bbox 181 3995 297 4074; x_wconf 85' lang='lat' dir='ltr'><strong>luisse</strong></span> <span class='ocrx_word' id='word_1_230' title='bbox 337 4012 377 4072; x_wconf 90' lang='lat' dir='ltr'><strong>ct</strong></span> <span class='ocrx_word' id='word_1_231' title='bbox 414 4011 517 4096; x_wconf 90' lang='lat' dir='ltr'><strong>grata</strong></span> <span class='ocrx_word' id='word_1_232' title='bbox 549 3997 728 4074; x_wconf 89' lang='lat' dir='ltr'><strong>memoria</strong></span> <span class='ocrx_word' id='word_1_233' title='bbox 767 3997 969 4099; x_wconf 86' lang='lat' dir='ltr'><strong>debitaque</strong></span> <span class='ocrx_word' id='word_1_234' title='bbox 1006 4013 1245 4102; x_wconf 85' lang='lat' dir='ltr'><strong>posterorum</strong></span> <span class='ocrx_word' id='word_1_235' title='bbox 1284 3999 1396 4074; x_wconf 89' lang='lat' dir='ltr'><strong>laude</strong></span> <span class='ocrx_word' id='word_1_236' title='bbox 1435 4021 1517 4072; x_wconf 87' lang='lat' dir='ltr'><strong>esse</strong></span> <span class='ocrx_word' id='word_1_237' title='bbox 1553 3995 1720 4096; x_wconf 87' lang='lat' dir='ltr'><strong>dignum.</strong></span> <span class='ocrx_word' id='word_1_238' title='bbox 1781 3994 1933 4069; x_wconf 88' lang='lat' dir='ltr'><strong>Etenim</strong></span> 
     </span>
     <span class='ocr_line' id='line_1_26' title="bbox 182 4130 1935 4234; baseline -0.005 -24"><span class='ocrx_word' id='word_1_239' title='bbox 182 4131 408 4234; x_wconf 88' lang='lat' dir='ltr'><strong>optimarum</strong></span> <span class='ocrx_word' id='word_1_240' title='bbox 433 4131 570 4210; x_wconf 84' lang='lat' dir='ltr'><strong>artium</strong></span> <span class='ocrx_word' id='word_1_241' title='bbox 597 4132 720 4208; x_wconf 89' lang='lat' dir='ltr'><strong>studia</strong></span> <span class='ocrx_word' id='word_1_242' title='bbox 746 4132 896 4234; x_wconf 86' lang='lat' dir='ltr'><strong>scriptis</strong></span> <span class='ocrx_word' id='word_1_243' title='bbox 927 4146 968 4208; x_wconf 90' lang='lat' dir='ltr'><strong>at</strong></span> <span class='ocrx_word' id='word_1_244' title='bbox 999 4132 1239 4212; x_wconf 87' lang='lat' dir='ltr'><strong>institutione</strong></span> <span class='ocrx_word' id='word_1_245' title='bbox 1271 4157 1341 4234; x_wconf 89' lang='lat' dir='ltr'><strong>per</strong></span> <span class='ocrx_word' id='word_1_246' title='bbox 1372 4155 1502 4207; x_wconf 84' lang='lat' dir='ltr'><strong>omnes</strong></span> <span class='ocrx_word' id='word_1_247' title='bbox 1534 4130 1614 4206; x_wconf 82' lang='lat' dir='ltr'><strong>lere</strong></span> <span class='ocrx_word' id='word_1_248' title='bbox 1646 4145 1764 4206; x_wconf 85' lang='lat' dir='ltr'><strong>terras</strong></span> <span class='ocrx_word' id='word_1_249' title='bbox 1796 4153 1935 4230; x_wconf 86' lang='lat' dir='ltr'><strong>propa·</strong></span> 
     </span>
     <span class='ocr_line' id='line_1_27' title="bbox 183 4263 1933 4370; baseline -0.006 -24"><span class='ocrx_word' id='word_1_250' title='bbox 183 4265 286 4367; x_wconf 83' lang='lat' dir='ltr'><strong>gavit</strong></span> <span class='ocrx_word' id='word_1_251' title='bbox 317 4265 491 4368; x_wconf 83' lang='lat' dir='ltr'><strong>viamque</strong></span> <span class='ocrx_word' id='word_1_252' title='bbox 516 4265 716 4342; x_wconf 87' lang='lat' dir='ltr'><strong>literarum</strong></span> <span class='ocrx_word' id='word_1_253' title='bbox 737 4267 910 4357; x_wconf 83' lang='lat' dir='ltr'><strong>munivit,</strong></span> <span class='ocrx_word' id='word_1_254' title='bbox 943 4293 1017 4370; x_wconf 73' lang='lat' dir='ltr'><strong>pua</strong></span> <span class='ocrx_word' id='word_1_255' title='bbox 1049 4265 1163 4342; x_wconf 78' lang='lat' dir='ltr'><strong>danila</strong></span> <span class='ocrx_word' id='word_1_256' title='bbox 1195 4265 1372 4368; x_wconf 84' lang='lat' dir='ltr'><strong>progredi</strong></span> <span class='ocrx_word' id='word_1_257' title='bbox 1404 4279 1569 4367; x_wconf 81' lang='lat' dir='ltr'><strong>possent,</strong></span> <span class='ocrx_word' id='word_1_258' title='bbox 1603 4263 1669 4366; x_wconf 88' lang='lat' dir='ltr'><strong>qui</strong></span> <span class='ocrx_word' id='word_1_259' title='bbox 1701 4287 1778 4338; x_wconf 87' lang='lat' dir='ltr'><strong>non</strong></span> <span class='ocrx_word' id='word_1_260' title='bbox 1809 4263 1933 4340; x_wconf 88' lang='lat' dir='ltr'><strong>solum</strong></span> 
     </span>
     <span class='ocr_line' id='line_1_28' title="bbox 182 4392 1934 4502; baseline -0.005 -28"><span class='ocrx_word' id='word_1_261' title='bbox 182 4399 400 4502; x_wconf 88' lang='lat' dir='ltr'><strong>theologiae</strong></span> <span class='ocrx_word' id='word_1_262' title='bbox 426 4401 608 4482; x_wconf 78' lang='lat' dir='ltr'><strong>scientiae</strong></span> <span class='ocrx_word' id='word_1_263' title='bbox 633 4401 879 4492; x_wconf 74' lang='lat' dir='ltr'><strong>exornandae,</strong></span> <span class='ocrx_word' id='word_1_264' title='bbox 901 4399 1168 4479; x_wconf 81' lang='lat' dir='ltr'><strong>verumetiam</strong></span> <span class='ocrx_word' id='word_1_265' title='bbox 1187 4399 1371 4477; x_wconf 85' lang='lat' dir='ltr'><strong>stultitiae</strong></span> <span class='ocrx_word' id='word_1_266' title='bbox 1397 4413 1437 4476; x_wconf 90' lang='lat' dir='ltr'><strong>et</strong></span> <span class='ocrx_word' id='word_1_267' title='bbox 1463 4397 1742 4502; x_wconf 85' lang='lat' dir='ltr'><strong>superstitionis</strong></span> <span class='ocrx_word' id='word_1_268' title='bbox 1766 4392 1934 4472; x_wconf 80' lang='lat' dir='ltr'><strong>tenebris</strong></span> 
     </span>
     <span class='ocr_line' id='line_1_29' title="bbox 182 4525 1941 4637; baseline -0.004 -27"><span class='ocrx_word' id='word_1_269' title='bbox 182 4533 428 4614; x_wconf 86' lang='lat' dir='ltr'><strong>discutiendis</strong></span> <span class='ocrx_word' id='word_1_270' title='bbox 454 4559 609 4637; x_wconf 86' lang='lat' dir='ltr'><strong>operam</strong></span> <span class='ocrx_word' id='word_1_271' title='bbox 634 4534 779 4612; x_wconf 86' lang='lat' dir='ltr'><strong>darant.</strong></span> <span class='ocrx_word' id='word_1_272' title='bbox 817 4535 874 4612; x_wconf 81' lang='lat' dir='ltr'><strong>ad</strong></span> <span class='ocrx_word' id='word_1_273' title='bbox 900 4533 993 4612; x_wconf 87' lang='lat' dir='ltr'><strong>haec</strong></span> <span class='ocrx_word' id='word_1_274' title='bbox 1012 4535 1149 4612; x_wconf 84' lang='lat' dir='ltr'><strong>merita</strong></span> <span class='ocrx_word' id='word_1_275' title='bbox 1167 4535 1313 4612; x_wconf 86' lang='lat' dir='ltr'><strong>accedit</strong></span> <span class='ocrx_word' id='word_1_276' title='bbox 1332 4549 1484 4615; x_wconf 81' lang='lat' dir='ltr'><strong>acutum</strong></span> <span class='ocrx_word' id='word_1_277' title='bbox 1506 4533 1589 4610; x_wconf 87' lang='lat' dir='ltr'><strong>eius</strong></span> <span class='ocrx_word' id='word_1_278' title='bbox 1609 4529 1813 4634; x_wconf 85' lang='lat' dir='ltr'><strong>ingenium,</strong></span> <span class='ocrx_word' id='word_1_279' title='bbox 1833 4525 1941 4630; x_wconf 87' lang='lat' dir='ltr'><strong>quod·</strong></span> 
     </span>
    </p>

    <p class='ocr_par' dir='ltr' id='par_1_5' title="bbox 182 4663 1936 4773">
     <span class='ocr_line' id='line_1_30' title="bbox 182 4663 1936 4773; baseline -0.005 -29"><span class='ocrx_word' id='word_1_280' title='bbox 182 4670 222 4748; x_wconf 91' lang='lat' dir='ltr'><strong>in</strong></span> <span class='ocrx_word' id='word_1_281' title='bbox 242 4671 438 4746; x_wconf 88' lang='lat' dir='ltr'><strong>tractanda</strong></span> <span class='ocrx_word' id='word_1_282' title='bbox 458 4695 565 4752; x_wconf 84' lang='lat' dir='ltr'><strong>sacra</strong></span> <span class='ocrx_word' id='word_1_283' title='bbox 582 4669 787 4773; x_wconf 79' lang='lat' dir='ltr'><strong>disciplina</strong></span> <span class='ocrx_word' id='word_1_284' title='bbox 805 4671 983 4762; x_wconf 87' lang='lat' dir='ltr'><strong>cernitur,</strong></span> <span class='ocrx_word' id='word_1_285' title='bbox 1008 4670 1172 4772; x_wconf 82' lang='lat' dir='ltr'><strong>atpium</strong></span> <span class='ocrx_word' id='word_1_286' title='bbox 1193 4669 1396 4746; x_wconf 83' lang='lat' dir='ltr'><strong>consilium</strong></span> <span class='ocrx_word' id='word_1_287' title='bbox 1414 4684 1531 4771; x_wconf 54' lang='lat' dir='ltr'><strong>Qua</strong></span> <span class='ocrx_word' id='word_1_288' title='bbox 1547 4664 1746 4770; x_wconf 82' lang='lat' dir='ltr'><strong>singularis</strong></span> <span class='ocrx_word' id='word_1_289' title='bbox 1764 4663 1936 4752; x_wconf 79' lang='lat' dir='ltr'><strong>facultas,</strong></span> 
     </span>
    </p>
   </div>
   <div class='ocr_carea' id='block_1_5' title="bbox 0 0 2112 5620">
    <p class='ocr_par' dir='ltr' id='par_1_6' title="bbox 0 0 2112 5620">
     <span class='ocr_line' id='line_1_31' title="bbox 0 0 2112 5620; baseline 0 0"><span class='ocrx_word' id='word_1_290' title='bbox 0 0 2112 5620; x_wconf 95' lang='lat' dir='ltr'><strong> </strong></span> 
     </span>
    </p>
   </div>
  </div>
 </body>
</html>
