4180 5622
1085 469 1113 550 9

998 569 1202 593 ..z-...-

221 719 318 796 qnae
344 719 392 768 ex
416 692 730 795 interpretatione
755 688 940 768 librorum
965 689 1054 764 novi
1082 690 1246 766 foederis
1278 706 1443 792 apparet,
1470 692 1680 793 inquibus,
1708 695 1738 770 si
1761 696 1852 797 quid
1874 696 1969 770 dubi:

221 827 447 931 reperiebat,
475 827 577 928 quod
604 826 650 900 ad
669 823 846 924 'singulos
873 821 1083 899 catholicae
1111 824 1335 926 disciplinae
1362 827 1469 902 locos
1500 827 1664 902 relatum
1691 823 1972 931 discrepantiam

225 963 394 1040 efficeret
418 962 481 1039 rel
507 959 739 1034 contrarium
755 956 963 1067 'doctrinae
997 958 1199 1048 videretur,
1229 960 1444 1034 'connnnnis
1474 960 1659 1036 ecclesiae
1693 963 1834 1038 iudicio
1866 965 1974 1038 subii·

225 1123 321 1187 cere,
356 1119 466 1198 quam
497 1095 691 1198 propriam
725 1092 945 1194 opinionem
984 1093 1094 1194 sequi
1133 1092 1268 1167 maluit
1301 1095 1406 1168 nulla
1441 1093 1516 1166 alia
1550 1119 1660 1168 causa
1693 1112 1830 1185 motus,
1870 1123 1977 1198 quau

226 1233 329 1332 quod
354 1231 522 1318 timebat,
550 1257 598 1306 ne
622 1229 840 1304 imbecillos
872 1227 1017 1312 animos
1050 1227 1289 1329 perturbaret
1320 1243 1386 1302 mit
1420 1253 1460 1302 se
1492 1227 1576 1329 ipse
1601 1233 1890 1331 tempestatibus
1918 1259 1979 1308 ex·

226 1377 395 1467 poneret,
424 1365 560 1466 quibus
593 1363 730 1439 luctari
765 1389 842 1452 nun
875 1363 1029 1438 valeret.
1083 1363 1140 1440 Ad
1172 1389 1233 1437 res
1265 1365 1342 1436 tam
1370 1361 1507 1436 arduas
1537 1366 1768 1462 peragendas
1795 1369 1901 1442 Deus
1928 1391 1981 1441 sa«

225 1499 485 1600 pientissimus
522 1499 638 1598 elegit
678 1495 750 1572 sibi
790 1480 891 1573 viros
931 1495 1072 1596 ingenii
1113 1496 1285 1571 acumine
1317 1496 1520 1596 praeditos,
1561 1497 1773 1574 eruditione
1807 1500 1984 1602 insignes,

228 1633 343 1712 animi
371 1633 579 1708 constantia
605 1633 795 1733 probatos,
824 1631 889 1732 qui
916 1630 1111 1704 bominum
1138 1631 1276 1705 timore
1301 1631 1411 1706 vacui
1437 1633 1500 1708 vel
1517 1656 1646 1705 coram
1664 1631 1894 1709 minantibus
1915 1636 1986 1710 im·

227 1768 464 1868 peratorihns
490 1782 532 1842 et
556 1765 793 1868 principibus
818 1764 940 1838 libere
962 1765 1228 1840 renuntiabant
1247 1765 1399 1872 placita,
1422 1765 1518 1867 quae
1539 1793 1585 1842 ex
1605 1767 1781 1868 diligenti
1802 1769 1986 1844 librorum

231 1927 420 1978 sacrorum
446 1899 760 2002 interpretatione
787 1905 915 1974 essent
941 1899 1115 1978 collecta.
1658 1897 1661 1904 '

381 2180 525 2255 Havete
545 2180 636 2282 -piae
663 2177 826 2252 animae!
851 2175 967 2251 fortia
990 2175 1170 2278 pectora!
1196 2177 1352 2252 candida
1375 2178 1544 2278 ingenia!
1572 2202 1732 2280 quorum
1752 2177 1879 2254 studio
1901 2191 1989 2254 ante

231 2311 304 2386 tria
331 2311 424 2388 haec
452 2316 601 2389 saecula
628 2313 770 2387 Christi
797 2311 968 2385 doctrina
995 2337 1016 2384 a
1042 2325 1255 2413 temporum
1282 2312 1367 2386 labe
1394 2327 1552 2413 purgata
1579 2311 1704 2390 denuo
1724 2327 1781 2386 est
1800 2312 1985 2388 restituta.

233 2447 506 2522 Divinoenim
533 2448 676 2549 Spiritu
703 2439 831 2534 afllati,
859 2445 998 2519 caduca
1025 2445 1241 2519 mortalium
1274 2445 1374 2520 bona
1406 2446 1604 2554 aspernati,
1639 2446 1854 2548 principum
1881 2471 1990 2522 coro·

236 2583 321 2656 nam
341 2581 512 2656 intrastis
534 2581 647 2655 nullo
674 2581 750 2654 alio
784 2577 975 2680 praesidio
1002 2579 1144 2681 stipati,
1173 2605 1283 2680 quan
1311 2575 1499 2654 constanti
1525 2580 1566 2654 in
1590 2583 1718 2655 Deum
1744 2579 1882 2655 fiducia
1908 2607 1991 2656 cer-

235 2730 350 2816 taque
376 2715 619 2816 persuasione
635 2713 761 2802 ⁴ducti,
789 2741 837 2789 cx
869 2717 1030 2788 coesse
1062 2712 1288 2814 profectum,
1322 2714 1424 2814 quod
1455 2713 1685 2788 moliremini
1712 2739 1824 2816 opus,
1857 2730 1897 2792 et
1921 2743 1992 2818 per

237 2876 324 2924 eum
350 2850 580 2924 duraturum.
636 2851 870 2950 Quamquam
897 2847 1023 2922 multa
1044 2848 1134 2922 estis
1161 2847 1331 2950 perpessi
1355 2863 1401 2922 et
1426 2848 1571 2926 fertdda
1597 2876 1683 2936 cum
1708 2849 1798 2925 viris
1824 2850 1865 2926 in
1891 2874 1993 2928 sum·

237 3009 298 3056 ma
323 2999 512 3083 potestate
538 2983 673 3085 positis
700 2982 968 3057 committenda
995 2995 1075 3056 erat
1100 3007 1224 3082 pugna
1249 2984 1425 3084 viresque
1446 3009 1557 3085 saepe
1576 2984 1737 3059 deficere
1757 2985 1990 3078 videbantur,

238 3118 425 3219 egregiam
463 3135 589 3194 tamen
626 3117 845 3216 reportastis
876 3117 1080 3193 ¹victoriam
1117 3130 1159 3190 et
1191 3140 1291 3198 sacra
1323 3119 1448 3218 palma
1480 3141 1547 3192 vos
1580 3116 1626 3190 ad
1655 3117 1852 3194 beatorum
1887 3122 1992 3197 sedes

241 3255 376 3342 evexit,
410 3251 475 3326 ubi
509 3267 683 3327 aeternae
712 3253 812 3328 lucis
846 3251 1019 3326 claritate
1051 3250 1270 3330 circumfusi
1302 3251 1502 3353 perspicue
1536 3245 1700 3342 cernitis,
1735 3279 1832 3354 quae
1859 3281 1926 3331 uos
1953 3257 1994 3330 in

242 3388 458 3466 adumbrata
483 3401 630 3463 tantum
656 3387 818 3488 imagine
844 3387 1048 3492 intuemur.

382 3655 509 3743 Vobis
536 3663 715 3741 coelestia
744 3689 875 3739 arcana
903 3649 992 3740 suut
1017 3679 1156 3766 aperta,
1184 3691 1280 3765 quae
1314 3663 1422 3770 nobis
1456 3663 1587 3740 formis
1614 3667 1853 3765 terrestribus
1880 3669 1993 3748 modo

244 3799 518 3900 significanturs
544 3799 652 3877 vobis
680 3814 767 3873 sunt
788 3813 929 3875 secreta
950 3797 1026 3873 Dei
1047 3799 1204 3876 consilia
1227 3799 1385 3890 detecta,
1406 3823 1568 3900 quorum
1587 3802 1824 3877 reconditum
1846 3830 1996 3879 sensum

246 3938 463 4010 coniectura
493 3934 610 4035 magis
644 3935 822 4035 amplecti
850 3922 963 4033 quam
987 3934 1133 4008 ratione
1160 3935 1483 4036 comprehendere
1499 3935 1681 4010 valemus.
1722 3939 1884 4012 Havete!
1911 3938 1997 4040 piae

191 4168 195 4172 .
247 4070 408 4142 atrimae!
447 4095 531 4142 nam
569 4083 753 4144 terrarum
778 4055 973 4143 aerumnis
1014 4053 1169 4144 sublati
1194 4069 1270 4143 non
1309 4055 1496 4158 sensistis,
1538 4095 1635 4171 quae
1669 4069 1890 4148 subsecutae
1923 4071 1999 4146 sint

246 4215 500 4303 tempestates,
534 4227 611 4278 non
648 4203 795 4280 vidistis
829 4202 1070 4284 Germaniam
1102 4229 1171 4306 per
1205 4218 1268 4278 -tot
1302 4189 1417 4278 annos
1436 4189 1601 4278 'lunesto
1632 4203 1736 4278 bello
1765 4206 1997 4306 flagrantem,

249 4359 324 4410 non
350 4329 599 4412 fanaticorum
624 4336 821 4424 tumultus,
849 4337 1074 4413 clericorum
1101 4337 1317 4425 discordias,
1352 4361 1429 4410 non
1461 4337 1624 4440 denique
1657 4339 1869 4414 simulatam
1900 4342 2000 4415 mul-

248 4483 373 4544 torum
406 4469 588 4571 pietatem
624 4470 941 4573 temerariumque
974 4469 1193 4572 antiquandi
1209 4471 1404 4546 Tutorem.
1460 4471 1628 4565 Quarum
1654 4498 1779 4548 rerum
1806 4475 1941 4550 notitia
1969 4477 2000 4547 si

248 4617 393 4677 ntentes
420 4619 560 4678 vestras
588 4602 798 4704 attingeret,
828 4604 907 4681 sive
940 4606 1125 4682 excelsior
1157 4619 1290 4680 natura
1322 4604 1367 4678 ad
1400 4603 1595 4680 hominum
1623 4607 1808 4681 sentiendi
1834 4609 2000 4685 indolem

250 4736 503 4828 descenderet,
536 4736 712 4813 acerbum
745 4763 833 4814 sane
866 4739 1038 4817 dolorem
1069 4738 1176 4817 robis
1210 4738 1385 4816 iniiceret
1418 4753 1458 4814 et
1493 4737 1613 4816 futuri
1656 4743 1837 4843 temporis
1877 4741 1999 4818 tristia
