4180 5622
1038 462 1091 542 10

949 562 1153 586 .·····.....=·.-·-··*··.···.·=

181 677 306 752 omina
334 680 532 769 excitarem
560 693 725 756 attamen
752 681 783 754 si
812 683 912 757 inter
936 687 996 756 tot
1022 682 1199 782 religiosa
1225 680 1308 756 aevi
1332 681 1506 783 prodigia
1526 681 1625 756 laeta
1646 707 1798 784 qnoque
1820 709 1936 786 purae

180 811 406 914 disciplinae
432 814 663 890 incrementa
689 815 861 892 intuendi
887 815 1047 912 facultas
1074 815 1328 918 praeberetur,
1351 814 1461 891 valde'
1479 815 1717 890 laetaremini
1743 831 1782 892 et
1808 816 1935 892 nobis-

179 972 267 1022 nnm
293 948 557 1059 superstitibus
591 949 797 1026 beatissimi
833 951 951 1027 seculi
984 950 1153 1024 indolem
1178 947 1457 1049 praedicaretis,
1491 950 1593 1050 quod
1625 951 1759 1051 purior
1790 951 1934 1026 oriatur

178 1081 348 1166 ueritatis
376 1084 453 1173 lux,
482 1083 584 1185 quod
610 1083 804 1184 piissimus
833 1099 960 1158 noster
993 1087 1071 1158 Rex
1106 1084 1230 1158 animo
1261 1083 1353 1158 forti
1376 1097 1427 1157 et
1459 1083 1580 1183 aequo
1605 1085 1731 1161 valeat
1757 1099 1796 1160 et
1821 1085 1933 1158 mini-

177 1215 296 1288 tantia
323 1217 492 1316 perioula
513 1221 713 1319 propulset
732 1220 777 1292 ab
804 1218 1019 1318 evangelica
1039 1217 1210 1306 ecclesia,
1233 1244 1329 1317 quae
1349 1244 1466 1318 quum
1486 1233 1639 1292 aeterno
1655 1217 1798 1294 Christi
1817 1218 1932 1293 verbo

178 1347 321 1424 nitatur
347 1365 387 1427 et
412 1350 537 1428 Sancti
564 1353 725 1453 Spiritus
752 1353 904 1428 dotibus
932 1353 1113 1426 continuo
1146 1351 1370 1441 illustretur,
1404 1352 1467 1428 vel
1501 1349 1547 1426 ab
1581 1377 1692 1429 caeca
1723 1351 1931 1434 inferorum

177 1483 374 1563 numinum
399 1499 587 1585 potestate
615 1513 806 1588 nunquam
832 1488 998 1563 subverti
1025 1485 1178 1588 poterit.

327 1621 375 1695 At
401 1634 570 1696 nostrum
597 1635 670 1710 est,
694 1635 891 1722 augustam
920 1621 1036 1698 vestri
1068 1620 1286 1696 memoriam
1307 1620 1445 1696 oolere
1477 1619 1734 1704 continuando
1766 1645 1930 1724 operea

176 1748 283 1838 vobis
310 1769 496 1854 susceptu,
525 1756 632 1832 cuius
653 1755 846 1856 ingenium
865 1757 981 1856 magis
1010 1781 1121 1855 quam
1140 1755 1339 1828 verborum
1360 1779 1470 1828 sonos
1497 1755 1731 1830 attendamus
1761 1781 1930 1830 sensum-

174 1910 249 1985 que
275 1903 400 1962 mente
427 1890 553 1989 potius
581 1917 692 1992 quam
718 1891 840 1965 literis
868 1904 1269 1964 notatumteneamus.
1323 1888 1417 1962 Nam
1444 1913 1540 1988 quae
1564 1915 1587 1962 a
1606 1887 1713 1964 vobis
1733 1889 1929 1990 proposita

173 2015 249 2092 fuit
275 2021 363 2096 fidei
389 2046 528 2112 norma,
554 2025 826 2125 temporalibus
854 2047 1027 2124 expressa
1054 2037 1113 2098 est
1139 2023 1304 2111 vocibus,
1333 2049 1490 2123 quarum
1523 2021 1580 2097 vis
1614 2038 1654 2097 et
1683 2023 1780 2097 ratio
1806 2037 1928 2098 muta·

173 2150 263 2244 bilis
291 2170 367 2230 est:
396 2155 538 2236 Christi
566 2159 670 2238 dicu
691 2173 843 2241 manent
869 2174 908 2236 et
932 2159 1138 2236 manebunt
1164 2157 1205 2232 in
1231 2156 1453 2234 aeternitate
1478 2169 1732 2258 temporum„

1194 2390 1325 2410 ——5

322 2561 378 2634 Ad
404 2559 497 2638 haec
524 2565 715 2652 solemnia,
744 2580 925 2667 quantum
950 2565 1133 2668 temporis
1154 2563 1339 2640 brevitate
1358 2561 1440 2636 fieri
1461 2561 1582 2650 licuit,
1602 2561 1674 2638 rite
1695 2559 1924 2637 instituenda

172 2691 342 2768 Patribus
371 2698 545 2776 Civitatis
572 2716 721 2776 nostrae
747 2702 902 2801 placuit,
931 2715 973 2775 ut
999 2700 1172 2801 proximo
1200 2699 1261 2774 die
1288 2697 1451 2785 Sabbati,

642 2835 719 2934 qui
747 2850 818 2910 est
843 2861 943 2910 xxvi.
973 2835 1072 2908 dies
1100 2833 1243 2920 Iunii,
1278 2831 1464 2906 horam.
1587 2896 1591 2904 .

169 2974 433 3062 tympanorum
467 2983 507 3043 et
537 2968 711 3044 tubarum
746 2984 934 3044 concentu
974 2967 1103 3044 audito
1136 2995 1155 3040 a
1189 2967 1386 3069 discipulis
1414 2963 1617 3065 Gymnasii
1644 2962 1815 3038 sublimis
1854 2962 1923 3038 ille

170 3093 326 3172 Lutheri
353 3100 532 3201 hymnus:
565 3104 676 3192 „Ein'
692 3105 802 3203 feste
826 3105 935 3203 Burg
960 3110 1013 3178 ist
1039 3129 1151 3178 unser
1174 3103 1303 3178 Gott“
1323 3101 1571 3201 praecinatur.
1627 3101 1735 3173 Tune
1763 3096 1920 3199 Collega

169 3247 296 3307 noster
321 3235 660 3328 coniunctissimus,
681 3239 758 3313 Dn.
780 3241 975 3314 Errrsrus
995 3238 1227 3312 ananrous
1241 3235 1430 3322 Groourn,
1446 3232 1705 3333 Magdalenaei
1724 3234 1922 3306 Prorector

115 3445 116 3450 ,
167 3379 207 3440 et
221 3367 423 3459 Professor,
444 3370 658 3447 cathedram
686 3371 862 3446 ascendet
888 3385 927 3444 et
953 3369 1077 3469 patrio
1105 3394 1276 3444 sermone
1303 3369 1561 3470 quaestionem
1586 3365 1781 3442 tractabit:
1805 3391 1922 3453 „num

167 3515 206 3574 et
233 3529 306 3602 qua
332 3504 477 3580 ratione
504 3504 837 3607 contendipossit,
865 3503 977 3577 fidem
1004 3503 1195 3603 vitamque
1222 3502 1462 3577 christianam
1489 3516 1528 3575 et
1554 3499 1737 3576 ecclesiae
1762 3498 1921 3574 formam

166 3636 283 3736 magis
316 3641 508 3742 magisque
542 3640 667 3716 excoli
701 3665 744 3714 ae
776 3636 966 3739 perfici?“
1017 3637 1095 3710 Hac
1133 3635 1304 3710 oratione
1343 3635 1482 3712 habita·
1508 3634 1717 3710 communis
1755 3634 1920 3718 cantatio

166 3768 277 3846 huius
304 3773 379 3852 diei
407 3776 638 3856 solemnitati
665 3775 778 3850 finam
804 3772 930 3859 faciet,
957 3770 1003 3842 ad
1030 3795 1140 3868 quam
1168 3770 1430 3850 celebrandam

267 3908 378 4004 Viros
406 3908 766 4006 Excellentissimos,
794 3905 1084 3992 Illustrissimos,
1121 3905 1462 4004 Splendidissimos,
1494 3899 1767 4001 Amplissimos,
1801 3905 1919 3976 Reve-

265 4043 517 4140 rendissimos,
546 4043 811 4130 Gravissimos,
838 4039 1102 4127 Doctissimos,
1129 4038 1436 4126 Humanissimos,
1465 4051 1508 4112 ut
1532 4035 1749 4136 frequentes
1783 4035 1917 4122 adsint,

266 4203 326 4270 ea,
354 4204 428 4280 qua
453 4205 522 4281 par
547 4195 620 4268 est,
648 4175 831 4256 modestia
857 4190 897 4254 et
922 4171 1158 4262 verecundia,
1187 4195 1289 4272 rogo.

880 4456 1144 4486 ⁶*-
