4180 5622
1041 481 1070 562 4

179 705 291 782 armis
318 703 496 781 dimicare
521 719 661 807 posset,
690 703 721 778 si
749 729 913 804 pugnam
946 703 1132 779 sustinere
1151 703 1359 793 uoluisset,
1388 702 1637 780 nihilominus
1663 719 1789 782 tamen
1817 704 1936 782 subli-

178 841 309 916 mioris
336 839 526 914 facultatis
554 865 626 940 ope
653 839 971 940 elegantiorisque
998 838 1192 910 doctrinae
1219 837 1330 938 copia
1356 839 1496 929 effecit,
1523 840 1625 915 utin
1644 841 1776 941 primis
1803 841 1934 918 aetatis

178 1000 268 1050 suae
293 973 384 1049 viris
413 989 672 1056 numeraretur
703 988 743 1047 et
775 972 1055 1074 imperatorum,
1087 997 1228 1070 regum,
1262 971 1478 1072 principum
1509 975 1627 1074 gratia
1662 989 1775 1076 atque
1806 973 1936 1052 favore

179 1109 446 1184 celebraretur.
500 1107 610 1183 Vidit
636 1109 739 1184 enim
766 1106 899 1207 Anglia
927 1104 1113 1206 ingeniosi
1140 1103 1211 1180 riri
1240 1104 1405 1178 studium
1433 1107 1607 1206 antiquae
1634 1107 1817 1182 ecclesiae
1842 1109 1935 1184 vitia

179 1241 405 1342 castigandis
441 1241 625 1341 spectarit
642 1239 830 1330 ¹Heluetia
863 1239 944 1312 eius
978 1238 1237 1313 celebritatem
1271 1239 1574 1340 singularemque
1605 1241 1738 1340 agendi
1771 1242 1936 1341 pruden-
2039 1277 2045 1286 ·

178 1375 288 1464 tiam;
315 1375 494 1448 admirata
522 1391 579 1450 est
606 1373 733 1448 Gallia
767 1371 940 1446 festivam
974 1372 1014 1445 in
1046 1371 1279 1472 explicandis
1310 1372 1524 1472 disciplinis
1556 1373 1706 1446 dicendi
1740 1376 1936 1450 concinni-

177 1525 312 1598 tatam;
341 1508 509 1610 suspexit
536 1506 738 1582 Germania
771 1506 893 1581 virum
926 1507 967 1578 in
999 1504 1240 1579 humanitatis
1274 1505 1396 1580 literis
1430 1505 1573 1606 optime
1606 1521 1812 1594 versatum3
1839 1533 1935 1610 pon„

179 1645 324 1722 derarit
356 1659 436 1717 tota
470 1641 582 1715 Italia
614 1638 783 1712 liberalis
817 1637 1039 1712 eruditionis
1072 1636 1267 1728 rationem,
1302 1666 1412 1740 quam
1445 1639 1486 1716 in
1518 1639 1709 1714 tractanda
1741 1640 1936 1743 theologia

179 1779 285 1865 iniit3
319 1773 551 1878 exspectavit
577 1777 692 1848 Roma
725 1773 770 1846 ab
806 1773 886 1846 eius
921 1771 1062 1872 ingenii
1095 1771 1256 1846 fulmine
1291 1773 1549 1848 acerbissimos
1581 1772 1681 1848 ictus
1715 1774 1936 1852 adversariis

179 1911 415 2012 infligendos.

329 2187 489 2262 Minime
515 2184 632 2284 igitur
657 2182 794 2256 mirum
819 2179 940 2256 videri
968 2181 1091 2269 debet,
1125 2181 1321 2256 Erasmum
1352 2184 1394 2258 in
1425 2199 1528 2259 tanta
1558 2184 1680 2262 faniae
1713 2165 1935 2264 celebritate

179 2321 334 2398 summis
361 2319 535 2396 laudibus
562 2319 793 2391 cumulatum
821 2331 860 2392 et
886 2316 931 2389 ab
957 2317 1133 2392 omnibus
1161 2318 1207 2390 ad
1227 2317 1394 2418 ipsorum
1415 2333 1540 2418 partes
1562 2318 1719 2393 tuendas
1733 2341 1821 2394 esse
1844 2344 1934 2421 pro·

179 2472 367 2534 vocatum.
418 2457 502 2528 Hoc
528 2451 699 2553 inprimis
725 2465 928 2540 tentarunt,
956 2452 1022 2553 qui
1049 2453 1164 2526 sacris
1191 2452 1311 2526 literis
1338 2477 1492 2551 operam
1518 2452 1656 2525 dabant
1684 2469 1724 2528 et
1750 2455 1935 2531 ecclesiae

181 2616 294 2698 opem
320 2605 359 2664 et
386 2589 545 2663 salutem
570 2586 670 2661 ferre
697 2585 937 2659 conabantur.
989 2585 1172 2660 Inchoata
1193 2584 1294 2660 enim
1312 2583 1509 2684 religionis
1529 2586 1802 2676 emendatione,
1817 2611 1935 2690 quum
1997 2625 2001 2636 ·

179 2749 307 2804 rerum
333 2747 521 2799 sacrarum
548 2734 587 2794 et
612 2719 849 2822 publicarum
876 2733 994 2792 status
1020 2720 1131 2796 valde
1156 2734 1375 2806 mutaretur,
1404 2743 1423 2792 a
1451 2719 1620 2820 patronis
1647 2720 1846 2824 utriusque
1869 2747 1935 2798 ac·

182 2859 330 2946 alesine,
359 2858 438 2934 sire
465 2856 511 2930 ad
535 2853 734 2956 pristinam
754 2853 999 2952 disciplinam
1026 2854 1253 2942 servandam,
1277 2852 1361 2928 sive
1387 2853 1434 2926 ad
1459 2868 1650 2928 recentem
1676 2857 1935 2934 conditionem

183 2992 455 3081 stabiliendam,
481 2965 578 3064 tales
603 2987 676 3064 viri
703 2987 1018 3076 desiderabantur,
1046 3013 1207 3089 quorum
1236 2986 1482 3063 facultatibus
1515 3001 1556 3064 et
1586 2987 1780 3066 doctrinae
1809 2991 1936 3081 subsi-

182 3129 255 3206 diis
288 3153 347 3203 res
380 3125 426 3199 ad
459 3147 682 3225 prosperum
716 3138 892 3199 eventum
924 3135 1025 3198 esset
1054 3121 1283 3198 adducenda.
1337 3123 1444 3198 Unde
1473 3123 1708 3212 factumest,
1736 3141 1789 3214 ut,
1817 3152 1935 3227 quum

181 3227 297 3340 fidein
323 3287 411 3336 suae
435 3258 621 3334 eeclesiae
648 3258 838 3362 usquead
864 3271 1024 3331 mortem
1044 3273 1260 3332 constanter
1280 3257 1470 3358 professus
1492 3273 1599 3348 esset,
1620 3273 1659 3333 et
1681 3260 1934 3362 quodcunque

183 3425 271 3476 cum
297 3392 514 3471 auctoribus
541 3395 757 3468 emendatae
775 3391 969 3492 religionis
989 3391 1223 3466 consortium
1242 3392 1395 3470 vitasset
1413 3394 1478 3467 vel
1497 3394 1625 3494 potius
1644 3393 1933 3482 reformidasset,

184 3561 206 3612 a
234 3529 442 3608 Catholicis
469 3527 625 3629 plurimi
652 3526 912 3602 aestimaretur
935 3551 981 3600 ex
1009 3525 1167 3626 eiusque
1197 3526 1375 3602 continua
1409 3525 1645 3602 confessione
1676 3543 1935 3628 argumentum

186 3669 446 3768 colligeretur,
472 3663 615 3764 optime
640 3685 720 3735 rem
745 3662 833 3734 talis
859 3660 1044 3737 ecclesiae
1076 3661 1166 3761 geri,
1201 3661 1241 3732 in
1273 3659 1379 3732 cuius
1412 3659 1556 3760 gremio
1587 3661 1647 3736 vir
1675 3662 1778 3736 inter
1802 3663 1934 3739 doctm

186 3795 360 3906 aequales
386 3797 499 3872 faclle
527 3796 702 3898 princeps
728 3795 918 3896 tantisque
941 3795 1148 3871 uirtutibus
1174 3809 1327 3870 umatus
1360 3807 1401 3868 et
1424 3794 1620 3870 literarum
1641 3811 1721 3870 tam
1748 3823 1936 3874 sacrarum

187 3965 299 4040 quam
325 3931 565 4036 profanarum
593 3930 749 4006 scientia
775 3930 979 4004 instructus
1009 3930 1217 4006 mansisset.
1266 3932 1398 4025 Quum
1430 3954 1520 4004 reno
1542 3931 1720 4005 Erasmus
1747 3933 1822 4008 iam
1848 3947 1935 4011 ente

187 4069 391 4176 primordia
418 4064 701 4140 reformationis
732 4064 882 4166 scriptis
917 4064 1105 4166 dictisque
1136 4066 1256 4139 multa
1289 4065 1336 4140 de
1368 4063 1586 4140 inveteratis
1618 4065 1721 4140 vitiis
1754 4093 1801 4141 en
1826 4093 1937 4142 oom-

185 4201 293 4280 muni
320 4201 481 4278 ecclesia
506 4200 686 4274 tollendis
713 4200 824 4274 etde
850 4199 1074 4274 clericorum
1100 4199 1285 4299 pravitate
1310 4199 1547 4300 disputasset,
1576 4197 1695 4272 immo
1724 4199 1774 4274 nd
1806 4217 1937 4276 auena-

188 4365 270 4416 rem
305 4335 521 4414 emendatae
553 4334 759 4436 religionis,
791 4333 999 4410 Lutlrerum
1028 4347 1212 4423 nostrum,
1245 4332 1375 4408 literas
1415 4333 1638 4435 scripsisset,
1669 4333 1817 4434 quibus
1844 4335 1935 4416 citu

191 4473 448 4560 constantiam,
477 4469 617 4571 ingenii
645 4469 892 4544 subtilitatem
911 4483 958 4544 ⁴et
984 4466 1085 4568 piam
1111 4482 1275 4542 mentem
1295 4467 1475 4556 laudaret,
1491 4491 1630 4556 omnes,
1651 4467 1787 4568 quibus
1805 4469 1938 4571 purior

192 4605 341 4682 divinae
372 4605 596 4706 disciplinae
632 4603 698 4675 lux
732 4601 946 4703 affulgebat‚
986 4602 1088 4675 laeto
1126 4601 1251 4675 animo
1286 4602 1495 4702 sperabant,
1527 4601 1628 4689 lore,
1669 4617 1712 4678 ut
1745 4602 1937 4690 Erasmus,

191 4739 363 4819 raritatis
389 4739 458 4814 ille
485 4735 635 4812 subtilis
662 4751 857 4827 scrutator,
891 4735 1162 4838 interpretandi
1197 4735 1291 4808 sacri
1316 4735 1466 4810 codicis
1494 4733 1717 4837 ingeniosus
1746 4736 1937 4837 magister,
