4180 5622
1114 470 1141 556 5

254 693 605 796 pcnnnssmcrum
629 709 826 796 reginmar
849 695 1066 797 principum
1091 693 1299 784 familiaris,
1313 691 1541 797 ab'ipsorum
1560 691 1729 796 partibus
1749 705 1875 768 staret.
1899 693 2007 789 Quae

253 851 339 932 spes
375 857 497 930 quum
524 856 589 908 eos
616 829 826 918 fefellisset,
855 830 980 920 immo,
1010 856 1126 930 quum
1152 829 1221 906 ille
1248 830 1423 906 libellum
1446 828 1804 906 contraLutherum
1830 826 2008 904 edidisset

255 977 295 1038 st
318 963 450 1062 magni
469 963 699 1041 restitutoris
726 962 884 1039 nimium
912 962 1027 1040 animi
1061 963 1233 1040 ardorem
1269 961 1530 1066 improbasset,
1561 989 1670 1064 aegre
1703 961 1784 1039 viro
1818 961 2004 1052 carebant,

253 1122 369 1197 quem
392 1111 474 1172 tum
501 1113 603 1172 certe
629 1121 700 1200 pro
726 1099 835 1173 firmo
862 1097 910 1174 ad
934 1097 1174 1174 muniendam
1208 1099 1462 1197 evangelicam
1488 1097 1688 1190 ecclesiam
1720 1099 2005 1199 propugnaculo

242 1215 451 1308 ‘habebant
504 1232 614 1308 Unde
638 1231 780 1310 lactum
806 1247 875 1322 est,
904 1247 945 1308 ut
978 1231 1117 1308 iudicia
1152 1231 1199 1308 de
1226 1233 1387 1308 Erasmo
1419 1234 1584 1310 diversas
1616 1231 1658 1308 iu
1689 1246 1814 1333 partes
1848 1231 2007 1334 abirent,

253 1363 411 1466 eiusque
446 1366 631 1442 sentiendi
665 1367 762 1443 ratio
796 1393 839 1442 ac
872 1367 1030 1444 consilia
1064 1369 1110 1444 ab
1144 1367 1262 1444 altera
1293 1366 1449 1469 plurimi
1483 1365 1779 1458 aestimarentur,
1812 1367 1858 1442 ab
1890 1357 2007 1444 altera

253 1497 345 1599 plus
367 1525 488 1601 aequo
514 1499 827 1579 desiderarentur.

403 1777 517 1874 Quod
543 1779 575 1854 si
602 1805 692 1856 vero
719 1781 855 1882 procul
881 1781 928 1855 ab
955 1759 1060 1856 omni
1085 1779 1251 1883 partium
1277 1779 1402 1856 studio
1422 1807 1503 1858 rem
1522 1793 1694 1862 accurate
1714 1775 2004 1868 consideramus,

253 1908 398 1988 nullam
424 1939 505 1990 esse
531 1941 680 1993 causam
706 1915 821 1990 facilc
847 1916 1093 2006 inveniemus,
1121 1943 1189 1992 cur
1213 1917 1287 1992 viri
1314 1914 1524 1992 catholicae
1555 1915 1740 1992 formulae
1766 1911 1905 1988 addicti
1932 1913 2005 1988 sibi

251 2046 498 2143 gratulentur,
534 2049 636 2149 quod
669 2077 778 2124 suum
810 2049 928 2126 luisse
961 2052 1157 2127 Erasmum
1190 2049 1378 2140 dictitent,
1414 2067 1479 2126 aut
1511 2077 1578 2126 cur
1615 2048 1645 2124 ii
1684 2061 1899 2149 querantur,
1938 2046 2005 2150 qui

251 2183 506 2280 evangelicam
532 2185 782 2282 profiteantur
805 2184 1028 2275 doctrinam,
1050 2185 1157 2286 quod
1181 2184 1301 2262 divini
1329 2186 1454 2288 operis
1488 2183 1704 2264 exstruendi
1736 2181 1920 2258 auxilium
1945 2207 2006 2258 re·

252 2317 448 2391 curaverit.
504 2318 655 2393 Etenim
682 2344 759 2393 nou
792 2319 915 2392 solum
948 2333 1277 2420 peropportunum
1308 2345 1454 2420 suoque
1485 2319 1640 2420 ingenio
1663 2317 1780 2417 magis
1807 2329 2006 2392 cousenta-

233 2459 363 2522 'neum
396 2449 645 2526 arbitrabatur
676 2451 718 2526 in
749 2465 827 2526 tam
862 2453 1018 2554 ancipiti
1044 2479 1171 2529 rerum
1197 2453 1418 2529 conditione
1447 2467 1486 2530 et
1517 2453 1557 2531 in
1589 2468 1667 2528 tam
1698 2449 1850 2528 difficili·
1881 2450 2006 2526 (fisce-

249 2575 411 2682 ptaudae
438 2596 571 2662 causae
597 2586 817 2687 quaestione
842 2612 1040 2688 personam
1066 2587 1180 2666 otiosi
1207 2587 1430 2689 spectatoris
1457 2587 1652 2676 sustinere,
1674 2611 1786 2686 quam
1809 2585 1849 2660 in
1866 2586 2004 2662 acerri-

207 2823 209 2832 y
250 2741 333 2790 mae
366 2743 515 2819 pugnae
548 2720 765 2798 discrimine
796 2721 1017 2824 pericli-turi,
1052 2725 1119 2804 sed
1151 2722 1282 2812 ctiam,
1308 2722 1459 2802 ademta
1486 2719 1660 2822 pontifici
1700 2720 1865 2796 maximo
1901 2745 2001 2810 cura,

249 2851 405 2951 publico
439 2857 549 2954 quasi
580 2857 807 2932 documento
841 2857 1050 2946 ostendere,
1085 2883 1129 2936 se
1159 2883 1352 2959 nunqnam
1382 2854 1535 2956 pietatis
1568 2853 1729 2944 vincula,
1764 2857 1901 2957 quibus
1934 2855 2003 2930 ob-

249 2987 506 3086 stringeretur,
539 3006 740 3091 rupturum
771 3007 837 3068 aut
870 3008 1087 3070 consuetam
1118 2993 1305 3070 ecclesiae
1333 2990 1573 3094 disciplinam
1605 2989 1838 3066 relicturum.
1893 2989 2005 3068 Licet

249 3145 339 3198 tero
365 3123 459 3198 baec
485 3125 584 3199 ratio
610 3125 712 3229 piam
737 3153 830 3229 prae
856 3154 896 3204 se
921 3128 1019 3203 ferat
1044 3139 1219 3215 mentem,
1252 3125 1335 3208 lieri
1367 3143 1494 3204 tamen
1527 3149 1604 3204 non
1635 3124 1805 3224 potuisse
1839 3123 1999 3216 videtur,

249 3257 342 3357 quin
368 3259 558 3335 subtiliori
585 3263 829 3363 Superiorum
853 3261 1077 3364 prudentiae
1103 3261 1343 3353 satisfaceret,
1371 3263 1514 3364 quippe
1540 3258 1675 3361 quibus
1703 3263 1779 3333 uon
1803 3273 1882 3334 tam
1902 3283 1999 3362 opus

247 3408 346 3468 asset
372 3394 688 3470 obedientissimis
714 3396 898 3472 ecclesiae
923 3395 1024 3484 filiis,
1053 3420 1214 3496 quorum
1246 3397 1408 3498 penuria·
1435 3421 1514 3472 non
1542 3393 1742 3468 admodum
1768 3393 1998 3470 desiderare-

246 3541 319 3616 tur,
347 3555 458 3629 quam
486 3545 639 3606 strenuo
666 3531 795 3632 aliquo
822 3529 1154 3632 eruditissimoque
1177 3531 1270 3621 ricc,
1299 3533 1363 3633 qui
1397 3529 1525 3630 aequ-is
1559 3505 1673 3603 armis
1703 3553 1789 3604 cum
1816 3524 1996 3618 Luthero,

245 3663 540 3740 Melanchtlrone
574 3665 762 3767 sociisque
794 3665 1040 3742 contenderet
1072 3679 1112 3742 et
1148 3667 1253 3768 gravi
1290 3681 1486 3740 momento
1521 3679 1635 3764 atque
1673 3663 1897 3740 auctoritate
1929 3688 1998 3738 sua

245 3797 403 3872 dit'licila
435 3813 626 3874 certamen
658 3799 705 3874 ad
737 3799 880 3876 exitum
913 3801 1127 3878 adduceret.
1183 3801 1299 3898 Quod
1329 3800 1540 3901 periculum
1573 3824 1690 3899 quum
1715 3797 1891 3874 Erasmus
1918 3821 1995 3872 uon

243 3929 450 4008 facereret
480 3932 521 4008 in
546 3958 695 4009 arenam
721 3961 795 4016 una
822 3959 909 4010 cum
935 3934 1076 4011 ceteris·
1105 3934 1228 4010 doctis
1262 3934 1593 4034 celeberrimisqua
1626 3931 1836 4010 catholicae
1869 3931 1993 4008 eccle·

244 4065 322 4142 siae
345 4067 688 4169 propugnatoribus
714 4069 942 4146 descendere
968 4070 1100 4158 nollet,
1128 4070 1282 4146 omnino
1309 4095 1391 4144 eam
1410 4094 1538 4170 opem,
1573 4093 1685 4168 quam
1710 4081 1813 4144 recte
1841 4081 1881 4144 et
1907 4065 1993 4142 iure

244 4201 290 4275 ab
335 4225 382 4276 eo
426 4227 575 4305 sperare
610 4215 762 4303 poterat
800 4204 971 4292 ecclesia,
1014 4229 1090 4278 non
1126 4204 1218 4306 tulit
1264 4203 1420 4303 eiusque
1464 4202 1604 4303 optatis
1642 4200 1881 4302 respondisse
1914 4223 1991 4280 non

242 4335 403 4412 videtur.
467 4337 591 4434 Quam
623 4336 673 4410 ob
707 4362 856 4412 causam
892 4338 939 4413 ab
971 4339 1190 4438 aequalibus
1229 4336 1370 4412 crebris
1404 4335 1618 4437 opprobriis
1648 4349 1814 4424 vexatus,
1847 4334 1991 4410 invidia

240 4493 455 4570 oppressus,
494 4471 541 4544 de
573 4470 769 4572 ambiguae
800 4472 937 4547 mentis
970 4473 1130 4548 consilio
1163 4486 1369 4572 suspectus,
1411 4471 1562 4546 tandem
1592 4470 1837 4546 humanarum
1863 4493 1990 4546 rerum

239 4589 433 4706 pertaesus
464 4601 506 4676 in
540 4617 705 4682 extrema
737 4604 838 4681 vitae
871 4605 1135 4706 descriptione,
1170 4631 1280 4708 quam
1311 4605 1392 4708 ipse
1423 4604 1589 4682 coniecit
1619 4617 1659 4679 et
1687 4605 1826 4674 Ἰλιάδα
1856 4608 1987 4674 κακῶν

238 4738 456 4827 nominarit,
483 4739 616 4815 acerba
641 4739 903 4817 recordatione
929 4753 1094 4842 questus,
1109 4781 1159 4796 -
1180 4738 1219 4815 id
1245 4739 1347 4841 quod
1379 4737 1552 4814 omnibus
1583 4736 1664 4818 lere
1694 4737 1814 4814 beatis
1849 4735 1987 4812 accidit
