4180 5622
409 2097 522 2204 Inter
547 2129 759 2228 praeclaros
785 2126 897 2218 viros,
926 2151 1087 2229 quorum
1111 2125 1264 2229 ingenio
1291 2141 1404 2228 atque
1431 2125 1645 2204 eruditione
1671 2124 1875 2202 instaurata
1900 2124 2010 2200 bona-

259 2292 346 2342 rum
378 2266 514 2342 artium
544 2269 668 2344 studia
707 2267 961 2370 subtiliorque
993 2265 1190 2368 religionis
1227 2267 1403 2340 tractatio
1435 2267 1535 2342 laeta
1570 2265 1741 2366 ceperint
1773 2267 2010 2356 incrementa,

258 2399 504 2479 Desiderium
529 2403 725 2480 Erasmum
751 2401 1041 2480 Roterodamum
1067 2400 1304 2477 referendum
1334 2426 1425 2490 esse,
1454 2399 1642 2474 neminem
1668 2400 1777 2502 fugit.
1813 2400 1888 2474 Vix
1915 2402 2010 2476 enim

250 2535 451 2636 'reperitur
477 2536 598 2612 ullum
626 2563 814 2613 sacrarum
840 2552 880 2612 et
905 2534 1153 2610 humanarum
1178 2535 1373 2610 literarum
1401 2561 1529 2636 genus,
1553 2535 1655 2635 quod
1680 2559 1757 2608 non
1782 2549 1885 2610 tanta
1911 2561 2010 2636 saga·

257 2671 376 2748 citate
402 2685 652 2773 persequutus
688 2671 737 2746 sit
767 2685 946 2771 tantaque
973 2670 1013 2744 in
1039 2669 1300 2770 exprimendis.
1320 2667 1517 2746 sententiis
1544 2669 1728 2768 elegantia
1755 2649 2010 2776 illustraverit,

260 2819 399 2904 quanta
432 2830 543 2880 nemo
576 2819 663 2880 ante
695 2831 782 2882 eum
814 2804 957 2880 intem
983 2803 1190 2904 multiplici
1217 2803 1367 2880 dicendi
1395 2828 1532 2904 genere
1565 2817 1750 2893 uteretur,
1780 2819 1838 2893 ut,
1866 2804 1907 2878 in
1937 2829 2009 2905 quo

254 2965 337 3014 uno
364 2939 531 3018 alterove
559 2939 786 3039 singularem
813 2965 971 3040 eamque
997 2939 1146 3014 unicam
1178 2939 1404 3014 collocasset
1437 2963 1607 3040 operam,
1634 2939 1675 3012 in
1700 2963 1746 3013 eo
1772 2938 1886 3012 facile
1912 2965 2009 3012 sum·

163 3098 168 3108 ·
257 3100 362 3156 mum
389 3074 561 3150 obtinere
587 3075 715 3148 locum
742 3056 1155 3174 potuissevideretur.⁸
1193 3073 1308 3174 Atqui
1343 3098 1418 3147 non
1450 3073 1490 3147 in
1524 3073 1740 3150 excolendis
1772 3071 1863 3146 solis
1898 3071 2009 3148 disci-

259 3206 376 3308 plinis
402 3222 441 3282 et
467 3207 506 3282 iu
533 3207 758 3308 depellenda
785 3207 1055 3307 superstitione
1081 3207 1206 3307 magni
1232 3207 1304 3282 viri
1333 3208 1503 3283 sollertia
1532 3207 1759 3296 versabatur,
1787 3207 1852 3282 sed
1879 3207 2008 3308 ipsius,

256 3366 335 3441 quo
362 3341 468 3430 vixit,
496 3341 577 3416 aevi
605 3341 772 3417 indolem
799 3367 1000 3441 rerumque
1033 3339 1272 3442 publicarum
1305 3343 1561 3417 conditionem
1595 3342 1755 3443 scriptis,
1791 3367 1860 3416 usu
1892 3357 1931 3416 et
1955 3343 2008 3416 fa-

256 3476 397 3552 miliari
424 3501 508 3548 cum
535 3474 770 3576 principibus
798 3475 929 3548 aetatis
956 3475 1047 3550 viris
1073 3475 1346 3554 consuetudine
1373 3477 1425 3552 ita
1446 3477 1718 3564 moderabatur,
1741 3492 1877 3551 utnon
1898 3478 2008 3552 modo

253 3609 376 3684 ,totius
402 3609 588 3709 Europae,
604 3609 752 3686 cultura
786 3623 1082 3711 promoveretur,
1115 3609 1179 3684 sed
1209 3609 1405 3688 liberalius
1439 3637 1590 3712 quoque
1620 3611 1811 3712 cogitandi
1844 3611 2007 3685 studium

257 3743 346 3826 inde
372 3742 611 3830 excitaretur,
639 3743 740 3844 quod
767 3743 1026 3844 gravissimum
1053 3743 1305 3820 emendandae
1331 3729 1527 3846 religionis
1554 3771 1650 3847 opus
1669 3744 1829 3820 mirifice
1850 3745 2004 3820 adiuvit.

249 3876 363 3972 «Quid
390 3891 513 3954 autem
540 3877 662 3953 dicam
688 3883 736 3958 de
762 3878 943 3953 orationis
970 3877 1176 3954 festivitate
1204 3892 1316 3978 atque
1349 3879 1495 3980 lepore,¹
1520 3905 1596 3980 quo
1627 3878 1835 3979 legentium
1863 3880 2007 3957 animos

256 4012 421 4088 iucunde
447 4037 490 4086 ac
516 4013 682 4090 suaviter
707 4011 885 4102 oblectat,
913 4012 1005 4112 quid
1031 4013 1078 4087 de
1104 4011 1247 4113 ingenii
1274 4013 1455 4102 acumine,
1490 4038 1566 4113 quo
1599 4013 1729 4090 inanes
1763 4013 2006 4090 scholastico-

248 4172 340 4220 rum
365 4146 546 4223 formulas
573 4146 856 4249 disserendique
883 4146 1131 4222 subtilitatem
1157 4147 1358 4246 redarguit,
1387 4147 1478 4248 quid
1511 4147 1558 4222 de
1584 4146 1820 4248 politissimis
1846 4148 2004 4238 facetiis,

256 4279 393 4383 quibus
418 4281 703 4356 monachorum·
721 4281 981 4382 ignorantiam,
1016 4280 1273 4370 stoliditatem,
1310 4280 1617 4381 superstitionem
1650 4281 1879 4382 perstringit,
1914 4283 2005 4384 quid

246 4415 404 4498 -tandem
442 4417 490 4490 de
521 4414 755 4519 lepidissima
787 4415 1043 4504 cavillatione,
1075 4442 1148 4517 qua
1180 4415 1426 4492 formularum
1459 4415 1499 4488 in
1530 4415 1641 4489 rebus
1674 4414 1787 4491 sacris
1811 4431 2002 4506 cantores,

247 4547 496 4642 ,minutiarum
523 4577 698 4651 aucupes,
727 4577 908 4650 uugamm
935 4550 1176 4625 admiratores
1203 4551 1357 4626 irridet?
1398 4549 1506 4626 Licet
1527 4575 1617 4625 vero
1636 4550 1753 4652 magis
1772 4551 2001 4640 lacessendo,

249 4708 366 4782 ¹quarn
404 4683 528 4784 palam
569 4685 823 4788 impugnando
861 4684 1086 4774 ostenderet,
1122 4683 1258 4785 quibus
1292 4699 1331 4760 et
1364 4685 1512 4785 quantis
1552 4684 1693 4787 ingenii
1734 4685 2002 4788 doctrinaeque
